3300 4634
808 533 933 596 114
1318 546 1826 595 wasnmeronn
1869 544 2052 589 vrn-

799 716 915 758 nes
945 691 1411 757 Princetoniam
1438 710 1678 765 versus,
1717 690 1858 751 una
1887 706 2041 748 cum
2087 705 2204 747 sex
2234 685 2587 748 tormentis¹

800 804 1143 888 majoribus
1165 802 1424 877 bellicis,
1448 801 1568 863 iter
1592 800 1800 861 facere
1826 806 2178 880 coeperunt.
2245 794 2584 872 Omnium,

800 937 943 999 quoe
992 914 1417 999 postularunt,
1447 911 1645 975 literis
1695 908 1961 993 scriptis,
2011 906 2096 971 ad
2148 907 2584 989 congressum

799 1028 1099 1091 rationes¹⁸
1128 1024 1481 1101 miserunt3
1534 1023 1784 1096 Quibus
1813 1020 1882 1083 in
1927 1018 2123 1082 literis
2153 1020 2478 1103 petebant,
2511 1030 2584 1081 ut

802 1135 1203 1221 stipendium,
1237 1136 1353 1198 sibi
1376 1135 1516 1219 jam
1548 1133 1660 1196 diu
1691 1132 1998 1207 debitum,
2032 1133 2070 1195 ὲ
2101 1130 2396 1212 vestig-10⁸
2425 1152 2586 1213 pen-

802 1248 1056 1313 deretur
1082 1274 1099 1323 ;
1146 1259 1348 1330 utque
1393 1244 1788 1331 stipendium
1817 1244 1886 1307 in
1916 1253 2236 1327 posterum
2264 1241 2581 1319 omnibus,

800 1361 911 1443 qui
954 1360 1240 1423 nomina⁴
1292 1358 1561 1444 profiteri
1606 1365 2096 1441 perseverarent,
2127 1354 2380 1421 salvum
2423 1376 2582 1438 prae-

800 1475 1123 1535 staretur.⁵

886 1582 1183 1665 Legionis
1213 1578 1814 1663 Pennsylvaniensis
1859 1577 2155 1662 praefecti,
2189 1576 2586 1661 congressus

800 1714 942 1776 pars
973 1692 1287 1774 quaedam,
1318 1702 1385 1753 et
1410 1690 1491 1755 de
1520 1690 1786 1755 consilio
1827 1688 2398 1771 Pennsylvaniensi
2427 1688 2587 1773 pub-

800 1801 926 1865 lico
972 1802 1247 1884 delegati
1296 1801 1613 1878 nonnulli,
1657 1800 1983 1864 seditiosos
2031 1798 2264 1862 milites
2321 1800 2474 1862 istos
2517 1799 2586 1863 in

806 1914 1078 1996 gratiam
1109 1934 1261 1999 cum
1291 1912 1599 1997 proefectis
1630 1910 1930 1975 reducere
1963 1912 2378 1974 conabantur.
2439 1911 2585 1975 Etsi

802 2024 1035 2087 horum
1065 2024 1387 2107 postulata
1425 2022 1784 2108 justissima
1813 2034 2016 2101 erant,
2045 2034 2282 2100 tamen,
2314 2021 2469 2084 dum
2515 2022 2586 2084 in

802 2133 1109 2199 seditione
1136 2136 1357 2221 aperta
1382 2135 1846 2212 continuarent,
1861 2134 1954 2198 nil
1979 2135 2080 2198 his
2096 2130 2587 2226 concedendum

795 2246 941 2329 jure
990 2266 1168 2329 posse
1198 2246 1728 2329 Washingtonius
1757 2247 1990 2326 duxit3
2039 2245 2215 2331 quod
2261 2246 2321 2308 si·
2363 2264 2586 2319 eorum

803 2354 1136 2441 postulatis
1149 2357 1338 2418 venia
1358 2368 1475 2418 aut
1493 2357 1758 2419 licentia
1769 2356 2194 2433 ulladaretur,
2209 2355 2586 2437 exemplum

802 2465 1152 2547 pessimum
1182 2464 1525 2548 disciplinae
1554 2466 1818 2526 militari
1844 2466 2261 2527 exhiberetur.
2333 2464 2423 2527 Ut
2445 2464 2585 2527 bre-

802 2575 897 2637 vis
926 2576 1067 2653 sim,
1094 2574 1369 2639 seditiosi
1394 2575 1658 2638 tandem
1685 2573 1770 2638 ad
1789 2575 2068 2638 officium
2097 2573 2294 2638 redire
2319 2574 2586 2639 induce-

799 2682 1079 2746 bantur:
1128 2685 1363 2761 hostes,
1394 2686 1657 2763 interea,
1691 2696 1765 2748 ut
1793 2686 1960 2768 regis
1990 2685 2341 2748 Britannici
2371 2696 2585 2769 partes

804 2792 1039 2856 milites
1084 2792 1185 2856 isti
1232 2795 1850 2879 Pennsylvanienses
1895 2795 2445 2879 amplecterentur,
2493 2794 2588 2858 nil

804 2902 1143 2967 infectum‘
1171 2917 1283 2969 aut
1310 2906 1700 2971 intentatum
1723 2908 2035 2990 reliquere
2059 2928 2076 2969 t
2111 2917 2198 2983 at,
2224 2905 2314 2982 hi,
2342 2914 2583 2981 contra,

864 3121 881 3154 1
921 3116 1195 3175 Tormentiae,
1217 3118 1319 3176 ᾦα,
1339 3118 1406 3179 by
1424 3116 1517 3165 this
1538 3132 1620 3165 are
1636 3116 1749 3165 here
1768 3122 1947 3175 meant,
1967 3128 2178 3176 cannen,
2197 3128 2252 3163 or
2277 3110 2584 3177 field-piceae.

864 3197 890 3235 2
919 3189 1157 3249 Rationes,
1178 3192 1287 3238 “an
1304 3198 1514 3241 account
1532 3192 1589 3241 of
1598 3191 1718 3241 their
1736 3191 2016 3245 demadem

864 3270 887 3303 ⁸
918 3263 965 3314 Ε
995 3266 1200 3326 vestig-io,
1223 3267 1253 3293 “
1268 3264 1553 3329 forthwith,”
1568 3266 1819 3335 instantly.

860 3346 887 3379 ⁴
922 3338 1019 3395 Qui
1036 3342 1235 3402 nomina,
1259 3344 1360 3405 ξπ,
1382 3347 1411 3372 “
1422 3344 1535 3393 who
1552 3342 1726 3392 should
1746 3342 1970 3392 continue
1988 3349 2040 3393 to
2057 3342 2244 3403 enlisgv
2261 3356 2316 3389 or
2333 3338 2516 3388 remain
2529 3338 2584 3389 in

801 3412 885 3460 the
902 3412 1093 3463 service.
1775 3414 1784 3422 ⁸

860 3496 885 3529 ⁵
922 3488 1109 3536 Salvum
1121 3496 1435 3555 metaretur,
1457 3496 1488 3521 ‘⁴
1498 3494 1672 3543 should
1690 3496 1752 3543 be
1775 3494 2022 3556 secured,”
2043 3510 2097 3544 or
2115 3491 2421 3558 guaranteed.

858 3572 883 3607 Β
914 3563 1157 3625 Insechm
1191 3568 1221 3593 “
1234 3568 1472 3629 undone,’'
1506 3573 1536 3597 ‘⁸
1548 3570 1822 3620 unfinished
1838 3576 1886 3620 :''
1935 3572 2014 3621 Sir
2043 3570 2220 3633 Henry
2252 3568 2466 3629 Clinton,
2498 3568 2580 3619 the

798 3639 1329 3695 commndet-in-chief
1350 3644 1407 3693 of
1426 3645 1509 3695 the
1526 3645 1704 3699 Eritish
1721 3645 1872 3696 forces
1903 3648 1956 3697 in
1976 3646 2219 3706 America,
2240 3644 2414 3695 offered
2445 3644 2581 3695 these

798 3719 1059 3768 mutineers
1076 3734 1193 3784 very
1212 3717 1571 3784 advantngeous
1603 3728 1768 3784 terma,
1784 3723 1828 3771 if
1849 3724 1963 3788 they
1983 3722 2146 3772 would
2171 3721 2274 3786 join
2293 3722 2374 3769 the
2393 3718 2580 3770 'British

795 3809 963 3865 amm
998 3796 1086 3847 but
1102 3796 1231 3866 they,
1252 3797 1367 3869 only
1386 3796 1602 3850 desimus
1620 3796 1683 3849 of
1701 3814 1734 3849 a
1763 3799 1948 3851 redress
1969 3798 2027 3851 of
2048 3797 2346 3867 grievances,
2368 3793 2579 3862 spumed
