3300 4634
2015 312 2044 327 -f

1941 477 1975 506 Η

1234 556 1740 602 insumeretur
1788 517 2000 617 vri-AX⁸
2095 578 2108 590 ν
2145 570 2150 575 ·
2383 538 2488 601 »89

718 710 833 763 est.
926 700 1457 763 Americanorum
1488 699 1658 763 acies
1681 699 1882 783 prima
1903 698 2489 780 recederecungeba-

718 819 843 888 tur,
886 822 1197 887 attamen,
1244 810 1654 893 insequentes
1699 811 1914 874 hostes
1957 810 2162 875 rivulo
2205 810 2488 893 quodam

718 920 1167 1005 tormentisque
1198 922 1543 1000 nonnulliS,
1574 924 1617 986 a
1646 922 1902 1006 longius
1929 922 2336 1007 procedendo,
2369 922 2490 985 im-

717 1032 1146 1115 pediebantur.

806 1144 932 1221 stc,
964 1146 1283 1209 exercitus
1310 1146 1457 1224 duo,
1487 1147 1555 1209 in
1582 1148 1810 1229 quibus
1837 1167 1982 1230 spes
2025 1166 2296 1229 opesque
2337 1146 2491 1208 utri-

719 1276 919 1338 usque
944 1256 1162 1340 populi
1183 1269 1365 1321 erant
1384 1259 1535 1335 sitae,
1550 1258 1847 1343 oppidulo
1865 1257 2164 1341 quodam,
2179 1278 2492 1341 parvoque

720 1367 951 1443 rivale,
976 1370 1087 1449 qui
1108 1368 1304 1446 vadis,
1326 1370 1651 1433 nonnullis
1671 1372 1740 1433 in
1760 1370 1935 1447 locis,
1957 1371 2206 1433 transiri
2229 1380 2490 1453 poterat,

722 1476 1047 1540 duntaxat
1090 1480 1565 1561 separabantur.
1658 1480 2016 1555 Exercitus,
2061 1480 2334 1553 interim,
2359 1479 2496 1549 Bri-

723 1588 1043 1663 tannicus,
1074 1588 1156 1650 ab
1184 1608 1367 1671 opere
1396 1588 1690 1663 cessavit,
1719 1600 1786 1650 et
1815 1586 1900 1651 ad
1938 1585 2498 1669 redintegrandum

722 1699 1011 1784 praelium
1034 1709 1317 1783 paratus,
1346 1697 1822 1783 expeditusque,
1853 1700 2080 1761 stabat.

812 1809 1357 1893 Washingtonius,
1390 1810 1654 1887 interea,
1683 1810 2012 1873 occasione
2062 1821 2270 1886 utens,
2300 1807 2498 1893 impe-

727 1921 1038 1985 dimenta¹
1070 1922 1239 1985 clam
1287 1922 1533 1999 auferri,
1566 1922 1870 2007 ignesque
1913 1923 2176 1999 crebros,
2205 1923 2315 2004 qui
2357 1942 2499 2005 spe-

729 2033 889 2095 ciem
917 2031 1222 2096 manendi
1248 2032 1536 2096 hostibus
1569 2034 1934 2117 praeberent,
1967 2032 2230 2097 accendi
2265 2032 2452 2117 jussit
2475 2054 2494 2111 ;

728 2153 793 2206 et
836 2144 1221 2228 intempesta
1264 2155 1447 2208 nocte
1478 2144 1832 2209 exercitum
1873 2144 2197 2219 subduxit,
2226 2163 2501 2223 magno-

716 2268 841 2329 que
890 2246 1116 2311 itinere
1160 2246 1631 2314 Princetoniam
1681 2246 2024 2311 contendit.
2119 2248 2309 2312 Tunc
2355 2267 2508 2330 proe-

715 2359 1025 2422 sectorum
1084 2359 1351 2423 concilio
1395 2357 1658 2423 militari
1712 2359 1980 2435 habito,⁸
2024 2359 2092 2422 in
2151 2378 2278 2439 quo
2329 2358 2502 2442 proel·

716 2469 855 2546 iari,
888 2468 1558 2549 Philadelphiamque‚
1589 2469 1643 2528 si
1673 2469 1810 2528 fieri
1847 2467 2073 2549 potuit,
2113 2468 2504 2530 incolumem

716 2598 989 2655 servare,
1012 2578 1360 2654 decretum,
1383 2577 1852 2640 Princetoniam
1883 2590 2134 2638 summo
2153 2595 2344 2638 mane
2369 2597 2509 2660 per.

720 2690 924 2767 venit,
960 2701 1207 2771 tresque
1236 2688 1525 2772 legiones
1555 2688 1957 2753 Britannicas
1986 2688 2070 2751 ibi
2101 2688 2338 2773 positas
2371 2710 2511 2775 pro-

722 2802 829 2865 cul
848 2801 1040 2865 dubio
1060 2804 1500 2886 oppresserat,⁸
1524 2802 1594 2864 ni
1615 2800 2009 2885 manipulus,
2033 2802 2144 2883 qui
2165 2800 2279 2865 iter
2305 2802 2510 2865 Tren-

725 2915 971 2979 toniam
1000 2935 1223 2977 versus
1252 2924 1407 2977 tunc
1441 2914 1736 2997 temporis
1765 2913 2062 2988 faciebat,
2097 2911 2508 2978 Americanos

726 3025 1147 3107 conspicatus,
1200 3025 1471 3087 nuncios
1511 3026 1619 3107 qui
1669 3021 2136 3085 commilitones
2185 3024 2267 3084 ea
2318 3023 2398 3084 de
2444 3044 2510 3086 re

725 3136 1015 3199 certiores
1045 3138 1349 3210 facerent,
1380 3135 1801 3217 praemisisset.

786 3282 803 3317 1
835 3276 1181 3337 Impedimnta,
1204 3274 1235 3303 “
1248 3273 1503 3335 baggage”
1522 3270 1581 3321 of
1602 3288 1666 3319 an
1688 3287 1856 3335 ermy3
1889 3270 2014 3319 from
2033 3270 2112 3319 the
2125 3270 2278 3319 active
2291 3272 2405 3320 verb
2424 3274 2511 3320 im-

718 3354 865 3415 podio,
880 3353 1093 3400 because
1110 3350 1195 3399 the
1214 3362 1523 3413 eonveyanoe
1538 3346 1595 3396 of
1604 3350 1830 3411 beggage
1848 3346 2094 3411 generally
2106 3350 2284 3396 retur-ds
2305 3346 2510 3413 celerity,

609 3432 625 3439 '
724 3444 779 3477 οι·
810 3427 943 3491 rapid
962 3432 1290 3477 movements:
1328 3425 1411 3474 the
1430 3425 1545 3473 verb
1573 3426 1782 3487 impedio,
1802 3423 1846 3471 is
1873 3423 2208 3487 compounded
2227 3422 2284 3473 of
2304 3424 2386 3473 the
2407 3440 2510 3489 pre-

726 3502 935 3569 position
951 3506 1005 3551 in
1024 3504 1122 3553 and
1138 3520 1237 3567 pes,
1258 3519 1290 3552 a
1306 3502 1421 3553 foot.

726 3587 836 3703 heizd
843 3579 1189 3683 grassatorum
1213 3583 1312 3641 4⁶„
1334 3582 1366 3607 ‘⁸
1380 3595 1411 3629 a
1430 3578 1639 3645 military
1659 3576 1844 3629 council
1864 3576 1922 3629 of
1930 3577 2006 3627 his
2025 3578 2212 3630 officere
2231 3576 2378 3641 being
2396 3576 2512 3626 then

788 3738 812 3775 ο
848 3731 1162 3793 &merser-at,
1183 3732 1215 3758 “
1226 3730 1387 3779 would
1405 3732 1529 3781 have
1542 3730 1760 3781 defeated
1781 3731 1914 3781 three
1933 3730 2112 3779 British
2132 3725 2406 3790 regimenta,
2423 3740 2513 3775 un-

727 3808 871 3869 less,”
892 3808 979 3857 &c-
1050 3807 1345 3869 Oppi-meras
1364 3806 1407 3853 is
1425 3806 1542 3854 here·
1556 3816 1646 3869 put
1665 3808 1738 3855 for
1755 3808 2067 3869 oppressisset.

1573 3904 1670 3951 112
