3300 4634
1252 573 1754 619 wasnaum-orm
1802 573 1982 625 vin.
2384 553 2504 618 157

734 720 1139 792 Britannum,
1172 718 1217 780 a
1260 736 1365 778 me
1410 718 1641 778 missus
1683 720 1918 792 fuerat,
1947 715 2156 778 foedus
2199 715 2308 778 illo
2353 736 2506 780 cum

735 851 881 913 rege
927 829 1255 912 percussit,
1286 828 1511 892 sedulo
1544 848 1802 891 mecum
1833 829 1962 912 ipse
1995 839 2208 890 mente
2235 828 2504 910 agitavi.

738 941 971 1004 Multa¹
1026 939 1186 1001 mihi
1238 937 1351 1002 diu
1400 939 1703 1016 volventi,
1758 937 1894 1002 haec
1943 940 2139 1024 potior
2193 940 2510 1002 sententia

738 1053 891 1115 visa.
985 1050 1257 1114 Foedera
1300 1049 1583 1127 feriendi,
1614 1053 1840 1133 quavis
1883 1073 2032 1114 cum
2061 1063 2273 1134 gente,
2305 1052 2510 1116 facul-

741 1166 965 1226 tatem⁸
995 1161 1235 1246 praesidi
1264 1163 1513 1244 legibus
1540 1162 1922 1224 mandatam
1949 1183 2103 1225 esse.
2197 1165 2510 1226 Senatum

741 1283 887 1338 vero
920 1275 1388 1338 Americanum
1432 1273 1672 1336 foedera
1715 1275 1980 1351 sancire,
2013 1285 2126 1336 aut
2163 1275 2338 1336 irrita
2381 1276 2514 1337 effi-

740 1407 879 1448 cere
919 1407 1113 1470 posse.
1210 1385 1376 1462 Illos,
1422 1396 1663 1466 autem,
1694 1386 1804 1467 qui
1836 1384 2192 1448 decretum⁸
2221 1386 2392 1448 istud
2427 1386 2513 1449 ad

742 1517 845 1560 me
894 1499 1141 1574 misere,
1182 1497 1433 1561 nullam
1482 1498 1742 1560 omnino
1795 1507 2173 1580 potestatem
2223 1496 2350 1558 tale
2399 1495 2514 1557 ali-

742 1607 893 1690 quid
945 1609 1269 1692 praesidem
1320 1607 1622 1692 poscendi
1676 1607 1922 1669 habere.
2019 1605 2356 1681 Quocirca,
2407 1604 2518 1666 de-

743 1731 911 1782 creta
940 1721 1191 1783 illorum
1219 1721 1499 1802 obsequi,
1526 1729 1641 1780 aut
1671 1737 1910 1781 morem
1943 1738 2176 1800 gerere,
2205 1718 2516 1799 neque0.”

826 1829 965 1894 Etsi
1012 1832 1387 1894 chartarum
1444 1829 1780 1912 flagitatio,
1841 1833 2066 1912 parurn
2121 1827 2516 1913 procedebat,

744 1943 999 2018 consilii,
1062 1953 1305 2017 tamen,
1364 1941 1551 2003 istius
1603 1943 1888 2001 fautores
1943 1941 2246 2024 pecunias
2299 1939 2518 2002 foederi

742 2051 875 2115 vim
942 2051 1235 2115 addendo
1304 2051 1698 2114 necessarias
1761 2053 2018 2116 strenue
2093 2050 2516 2133 denegabant.

689 2226 695 2232 ,
740 2165 1105 2240 Samnitum,
1130 2160 1414 2239 tandem,
1442 2161 1671 2239 foedus,
1697 2163 2062 2244 civibusque
2097 2183 2204 2244 per
2235 2162 2518 2224 edictum

740 2275 1149 2350 nunciatum,
1175 2284 1249 2334 ut
1276 2272 1494 2336 foederi
1520 2273 1856 2336 audientes
1885 2283 2110 2334 essent.
2204 2271 2522 2334 Pecuniae

739 2388 876 2450 vim
922 2385 1139 2448 foederi
1186 2385 1471 2448 addendo
1518 2385 1909 2449 necessarias
1955 2381 2296 2466 denegare,
2327 2381 2520 2445 fidem

740 2499 1066 2584 publicam
1116 2499 1469 2561 necessario
1521 2497 1964 2560 imminuisset.
2063 2496 2234 2557 Cum
2277 2493 2523 2576 discep-

744 2609 902 2671 tatio
944 2609 1139 2690 longa
1182 2611 1359 2671 facta
1397 2619 1584 2685 esset,
1614 2607 1918 2691 pecunias
1947 2605 2166 2669 foederi
2210 2602 2523 2665 servando

744 2720 1127 2782 necessarias
1154 2721 1449 2803 praebere,
1480 2719 1806 2802 aegerrime
1838 2720 1882 2782 a
1916 2717 2276 2800 congressu
2307 2711 2524 2777 decre-

748 2843 908 2896 tum.
2169 2841 2178 2846 ’

836 2944 1145 3032 Quarnvis
1164 2942 1374 3005 bacin
1399 2963 1487 3019 re,
1508 2942 2042 3022 Washingtonius
2065 2940 2158 3000 nil
2185 2959 2292 3020 per
2317 2957 2382 2998 se
2415 2935 2522 3016 agi

750 3053 990 3132 voluit3
1037 3057 1302 3130 tamen,⁴
1338 3075 1419 3116 ex
1464 3053 1603 3136 ejus
1650 3049 1906 3114 consilio
1946 3048 2154 3111 foedus
2201 3045 2521 3107 sancitum

750 3164 941 3246 plane
989 3165 1202 3246 liquet.
1297 3164 1586 3240 Foedere,
1635 3163 1828 3237 enim,
1873 3162 2013 3237 isto,
2060 3161 2103 3222 a
2146 3154 2405 3242 praeside
2460 3163 2526 3216 et

809 3335 825 3368 1
858 3331 1028 3390 Multa,
1066 3333 1167 3390 &Q
1202 3328 1341 3377 “this
1372 3327 1628 3377 resolution
1657 3326 1850 3376 seemed
1880 3327 2031 3374 better
2064 3331 2114 3372 to
2151 3339 2244 3384 me,
2283 3319 2530 3384 revolving

747 3419 895 3467 many
914 3405 1079 3468 things
1098 3405 1171 3453 for
1190 3405 1355 3468 along
1373 3403 1533 3453 time.”

810 3487 835 3522 Ω
866 3481 1159 3542 Fumantem,
1185 3484 1284 3541 ᾦα,
1305 3481 1451 3530 “that
1468 3481 1549 3528 the
1580 3495 1744 3544 power
1763 3479 1820 3528 of
1841 3477 2042 3541 making
2069 3475 2262 3526 treaties
2281 3475 2400 3526 with
2431 3488 2528 3537 any

752 3554 931 3614 natica,
950 3571 1057 3604 was
1076 3556 1350 3605 committed
1369 3558 1436 3620 by
1454 3557 1535 3606 the
1553 3557 1678 3604 laws
1699 3563 1748 3604 to
1767 3556 1848 3604 the
1867 3554 2153 3618 president.”

812 3639 837 3672 ⁸
868 3632 1128 3694 Decretum,
1150 3634 1294 3683 “that
1310 3637 1451 3682 vote”
1472 3647 1527 3681 or
1544 3633 1726 3682 resolve
1749 3631 1833 3693 (of
1849 3631 1930 3680 the
1949 3631 2126 3680 House
2143 3629 2530 3690 &Repraesenta-

752 3706 909 3770 tives.)
962 3729 967 3734 ·

810 3791 834 3825 ⁴
872 3783 1064 3844 Tarm,
1098 3785 1195 3846 ᾦα,
1218 3788 1247 3815 “
1258 3793 1352 3850 yet,
1374 3785 1411 3834 it
1440 3799 1545 3832 was
1579 3784 1762 3847 plainly
1785 3783 1974 3832 ovident
2003 3782 2105 3828 that
2136 3779 2210 3824 the
2239 3779 2392 3838 uenty
2421 3785 2529 3822 was

749 3857 937 3911 ratified
956 3859 1007 3910 in
1028 3875 1360 3929 consequence
1386 3859 1443 3912 of
1463 3857 1537 3907 his
1562 3857 1978 3921 (Washington’s)
2004 3851 2212 3900 advice?

1626 3938 1672 3983 N
