<?xml version="1.0" encoding="UTF-8"?>
<!DOCTYPE html PUBLIC "-//W3C//DTD XHTML 1.0 Transitional//EN"
    "http://www.w3.org/TR/xhtml1/DTD/xhtml1-transitional.dtd">
<html xmlns="http://www.w3.org/1999/xhtml" xml:lang="en" lang="en">
 <head>
  <title>
</title>
<meta http-equiv="Content-Type" content="text/html;charset=utf-8" />
  <meta name='ocr-system' content='tesseract 3.04.00' />
  <meta name='ocr-capabilities' content='ocr_page ocr_carea ocr_par ocr_line ocrx_word'/>
</head>
<body>
  <div class='ocr_page' id='page_1' title='image "alifegeorgewash00reyngoog_0057.png"; bbox 0 0 3300 4634; ppageno 0'>
   <div class='ocr_carea' id='block_1_1' title="bbox 1219 496 2467 564">
    <p class='ocr_par' dir='ltr' id='par_1_1' title="bbox 1219 496 2467 564">
     <span class='ocr_line' id='line_1_1' title="bbox 1219 496 2467 564; baseline -0.002 -4"><span class='ocrx_word' id='word_1_1' title='bbox 1219 517 1723 560; x_wconf 59' lang='lat' dir='ltr'>wmarus-rona</span> <span class='ocrx_word' id='word_1_2' title='bbox 1770 517 1946 560; x_wconf 73' lang='lat' dir='ltr'>vxn.</span> <span class='ocrx_word' id='word_1_3' title='bbox 2383 496 2467 564; x_wconf 78' lang='lat'>48</span> 
     </span>
    </p>
   </div>
   <div class='ocr_carea' id='block_1_2' title="bbox 699 653 2475 2401">
    <p class='ocr_par' dir='ltr' id='par_1_2' title="bbox 699 653 2475 2401">
     <span class='ocr_line' id='line_1_2' title="bbox 793 653 2469 742; baseline -0.005 -17"><span class='ocrx_word' id='word_1_4' title='bbox 793 663 868 726; x_wconf 86' lang='lat' dir='ltr'>In</span> <span class='ocrx_word' id='word_1_5' title='bbox 913 660 1034 723; x_wconf 89' lang='lat' dir='ltr'>hoc</span> <span class='ocrx_word' id='word_1_6' title='bbox 1052 736 1058 742; x_wconf 20' lang='grc' dir='ltr'>ι</span> <span class='ocrx_word' id='word_1_7' title='bbox 1079 657 1314 742; x_wconf 72' lang='grc' dir='ltr'>ΡῐεεΙίο,,</span> <span class='ocrx_word' id='word_1_8' title='bbox 1336 678 1444 741; x_wconf 89' lang='lat' dir='ltr'>pro</span> <span class='ocrx_word' id='word_1_9' title='bbox 1471 677 1737 720; x_wconf 87' lang='lat' dir='ltr'>numero</span> <span class='ocrx_word' id='word_1_10' title='bbox 1785 655 2231 740; x_wconf 86' lang='lat' dir='ltr'>pugnantium,</span> <span class='ocrx_word' id='word_1_11' title='bbox 2264 653 2469 720; x_wconf 81' lang='lat' dir='ltr'>caedes</span> 
     </span>
     <span class='ocr_line' id='line_1_3' title="bbox 699 767 2467 855; baseline -0.003 -21"><span class='ocrx_word' id='word_1_12' title='bbox 699 772 902 855; x_wconf 86' lang='lat' dir='ltr'>major</span> <span class='ocrx_word' id='word_1_13' title='bbox 947 771 1240 851; x_wconf 89' lang='lat' dir='ltr'>utrinque</span> <span class='ocrx_word' id='word_1_14' title='bbox 1282 770 1473 845; x_wconf 90' lang='lat' dir='ltr'>facta,</span> <span class='ocrx_word' id='word_1_15' title='bbox 1519 789 1719 850; x_wconf 90' lang='lat' dir='ltr'>quam</span> <span class='ocrx_word' id='word_1_16' title='bbox 1761 769 1829 831; x_wconf 93' lang='lat' dir='ltr'>in</span> <span class='ocrx_word' id='word_1_17' title='bbox 1875 767 2013 830; x_wconf 65' lang='lat' dir='ltr'>ulla.</span> <span class='ocrx_word' id='word_1_18' title='bbox 2051 767 2181 830; x_wconf 68' lang='lat' dir='ltr'>alia</span> <span class='ocrx_word' id='word_1_19' title='bbox 2224 769 2467 850; x_wconf 64' lang='lat' dir='ltr'>pugna,</span> 
     </span>
     <span class='ocr_line' id='line_1_4' title="bbox 703 875 2469 963; baseline -0.003 -19"><span class='ocrx_word' id='word_1_20' title='bbox 703 902 848 962; x_wconf 80' lang='lat' dir='ltr'>quae</span> <span class='ocrx_word' id='word_1_21' title='bbox 880 881 1068 943; x_wconf 89' lang='lat' dir='ltr'>totius</span> <span class='ocrx_word' id='word_1_22' title='bbox 1096 881 1246 942; x_wconf 90' lang='lat' dir='ltr'>belli</span> <span class='ocrx_word' id='word_1_23' title='bbox 1284 879 1487 963; x_wconf 86' lang='lat' dir='ltr'>spatio</span> <span class='ocrx_word' id='word_1_24' title='bbox 1525 879 1767 962; x_wconf 80' lang='lat' dir='ltr'><strong>obtigit.</strong></span> <span class='ocrx_word' id='word_1_25' title='bbox 1860 879 1967 942; x_wconf 85' lang='lat' dir='ltr'>Ex</span> <span class='ocrx_word' id='word_1_26' title='bbox 2010 888 2188 963; x_wconf 88' lang='lat' dir='ltr'>parte</span> <span class='ocrx_word' id='word_1_27' title='bbox 2217 875 2469 941; x_wconf 83' lang='lat' dir='ltr'>Britan-</span> 
     </span>
     <span class='ocr_line' id='line_1_5' title="bbox 701 989 2470 1072; baseline -0.002 -20"><span class='ocrx_word' id='word_1_28' title='bbox 701 1010 954 1067; x_wconf 85' lang='lat' dir='ltr'>norum,</span> <span class='ocrx_word' id='word_1_29' title='bbox 985 990 1157 1052; x_wconf 91' lang='lat' dir='ltr'>mille</span> <span class='ocrx_word' id='word_1_30' title='bbox 1186 990 1476 1054; x_wconf 87' lang='lat' dir='ltr'>homines</span> <span class='ocrx_word' id='word_1_31' title='bbox 1507 990 1820 1054; x_wconf 85' lang='lat' dir='ltr'>cadebant</span> <span class='ocrx_word' id='word_1_32' title='bbox 1844 1013 1861 1068; x_wconf 85' lang='lat'>;</span> <span class='ocrx_word' id='word_1_33' title='bbox 1914 989 2247 1072; x_wconf 83' lang='lat' dir='ltr'>quingenti</span> <span class='ocrx_word' id='word_1_34' title='bbox 2275 989 2470 1070; x_wconf 86' lang='lat' dir='ltr'>insig-</span> 
     </span>
     <span class='ocr_line' id='line_1_6' title="bbox 699 1098 2469 1178; baseline -0.001 -15"><span class='ocrx_word' id='word_1_35' title='bbox 699 1121 816 1163; x_wconf 87' lang='lat' dir='ltr'>nes</span> <span class='ocrx_word' id='word_1_36' title='bbox 859 1101 975 1163; x_wconf 84' lang='lat' dir='ltr'>viri</span> <span class='ocrx_word' id='word_1_37' title='bbox 1018 1100 1098 1163; x_wconf 90' lang='lat' dir='ltr'>de</span> <span class='ocrx_word' id='word_1_38' title='bbox 1143 1121 1408 1164; x_wconf 85' lang='lat' dir='ltr'>numero</span> <span class='ocrx_word' id='word_1_39' title='bbox 1453 1102 1994 1178; x_wconf 85' lang='lat' dir='ltr'>Americanorum,</span> <span class='ocrx_word' id='word_1_40' title='bbox 2027 1122 2101 1164; x_wconf 88' lang='lat' dir='ltr'>eo</span> <span class='ocrx_word' id='word_1_41' title='bbox 2146 1100 2267 1176; x_wconf 87' lang='lat' dir='ltr'>die,</span> <span class='ocrx_word' id='word_1_42' title='bbox 2296 1098 2469 1162; x_wconf 86' lang='lat' dir='ltr'>luce¹</span> 
     </span>
     <span class='ocr_line' id='line_1_7' title="bbox 703 1210 2471 1295; baseline 0.003 -21"><span class='ocrx_word' id='word_1_43' title='bbox 703 1213 1045 1290; x_wconf 87' lang='lat' dir='ltr'>carebant;</span> <span class='ocrx_word' id='word_1_44' title='bbox 1093 1213 1162 1277; x_wconf 91' lang='lat' dir='ltr'>in</span> <span class='ocrx_word' id='word_1_45' title='bbox 1189 1212 1288 1276; x_wconf 88' lang='lat' dir='ltr'>his</span> <span class='ocrx_word' id='word_1_46' title='bbox 1317 1213 1439 1274; x_wconf 88' lang='lat' dir='ltr'>fuit</span> <span class='ocrx_word' id='word_1_47' title='bbox 1469 1213 1858 1290; x_wconf 86' lang='lat' dir='ltr'>Warrenius,</span> <span class='ocrx_word' id='word_1_48' title='bbox 1888 1212 2173 1276; x_wconf 83' lang='lat' dir='ltr'>medicus</span> <span class='ocrx_word' id='word_1_49' title='bbox 2217 1210 2471 1295; x_wconf 66' lang='lat' dir='ltr'>praecla-</span> 
     </span>
     <span class='ocr_line' id='line_1_8' title="bbox 701 1322 2471 1408; baseline 0 -24"><span class='ocrx_word' id='word_1_50' title='bbox 701 1341 832 1397; x_wconf 84' lang='lat' dir='ltr'>rus,</span> <span class='ocrx_word' id='word_1_51' title='bbox 861 1332 1066 1386; x_wconf 84' lang='lat' dir='ltr'>orator</span> <span class='ocrx_word' id='word_1_52' title='bbox 1109 1322 1400 1400; x_wconf 86' lang='lat' dir='ltr'>disertus,</span> <span class='ocrx_word' id='word_1_53' title='bbox 1433 1323 1528 1385; x_wconf 88' lang='lat' dir='ltr'>vir</span> <span class='ocrx_word' id='word_1_54' title='bbox 1571 1325 1787 1408; x_wconf 82' lang='lat' dir='ltr'>patriae</span> <span class='ocrx_word' id='word_1_55' title='bbox 1834 1323 2327 1399; x_wconf 85' lang='lat' dir='ltr'>amantissimus,</span> <span class='ocrx_word' id='word_1_56' title='bbox 2359 1322 2471 1404; x_wconf 90' lang='lat' dir='ltr'>qui</span> 
     </span>
     <span class='ocr_line' id='line_1_9' title="bbox 706 1430 2472 1515; baseline 0.002 -24"><span class='ocrx_word' id='word_1_57' title='bbox 706 1430 874 1492; x_wconf 87' lang='lat' dir='ltr'>cives</span> <span class='ocrx_word' id='word_1_58' title='bbox 917 1451 1064 1493; x_wconf 91' lang='lat' dir='ltr'>suos</span> <span class='ocrx_word' id='word_1_59' title='bbox 1106 1433 1175 1493; x_wconf 88' lang='lat' dir='ltr'>in</span> <span class='ocrx_word' id='word_1_60' title='bbox 1215 1432 1576 1514; x_wconf 88' lang='lat' dir='ltr'>Anglorum</span> <span class='ocrx_word' id='word_1_61' title='bbox 1625 1432 2121 1495; x_wconf 82' lang='lat' dir='ltr'>dominationem</span> <span class='ocrx_word' id='word_1_62' title='bbox 2168 1433 2472 1515; x_wconf 87' lang='lat' dir='ltr'>injustam</span> 
     </span>
     <span class='ocr_line' id='line_1_10' title="bbox 705 1539 2472 1624; baseline 0.001 -21"><span class='ocrx_word' id='word_1_63' title='bbox 705 1539 1051 1603; x_wconf 86' lang='lat' dir='ltr'>accendere</span> <span class='ocrx_word' id='word_1_64' title='bbox 1082 1540 1264 1603; x_wconf 88' lang='lat' dir='ltr'>haud</span> <span class='ocrx_word' id='word_1_65' title='bbox 1292 1541 1552 1604; x_wconf 82' lang='lat' dir='ltr'>destitit.</span> <span class='ocrx_word' id='word_1_66' title='bbox 1645 1543 1789 1604; x_wconf 90' lang='lat' dir='ltr'>Hoc</span> <span class='ocrx_word' id='word_1_67' title='bbox 1823 1541 2033 1624; x_wconf 78' lang='lat' dir='ltr'>praelio</span> <span class='ocrx_word' id='word_1_68' title='bbox 2061 1543 2249 1617; x_wconf 87' lang='lat' dir='ltr'>facto,</span> <span class='ocrx_word' id='word_1_69' title='bbox 2278 1543 2472 1624; x_wconf 80' lang='lat' dir='ltr'>copiae</span> 
     </span>
     <span class='ocr_line' id='line_1_11' title="bbox 707 1639 2475 1735; baseline 0 -21"><span class='ocrx_word' id='word_1_70' title='bbox 707 1651 1029 1714; x_wconf 81' lang='lat' dir='ltr'>colonicae</span> <span class='ocrx_word' id='word_1_71' title='bbox 1074 1639 1559 1735; x_wconf 80' lang='lat' dir='ltr'>propugnacula</span> <span class='ocrx_word' id='word_1_72' title='bbox 1587 1671 2013 1735; x_wconf 84' lang='lat' dir='ltr'>aggeremque</span> <span class='ocrx_word' id='word_1_73' title='bbox 2043 1651 2181 1714; x_wconf 89' lang='lat' dir='ltr'>loco</span> <span class='ocrx_word' id='word_1_74' title='bbox 2224 1650 2475 1720; x_wconf 82' lang='lat' dir='ltr'>excelso</span> 
     </span>
     <span class='ocr_line' id='line_1_12' title="bbox 705 1761 2473 1845; baseline 0.001 -21"><span class='ocrx_word' id='word_1_75' title='bbox 705 1771 924 1824; x_wconf 85' lang='lat' dir='ltr'>contra</span> <span class='ocrx_word' id='word_1_76' title='bbox 973 1762 1390 1844; x_wconf 91' lang='lat' dir='ltr'>Carolopolim</span> <span class='ocrx_word' id='word_1_77' title='bbox 1435 1763 1682 1842; x_wconf 72' lang='lat' dir='ltr'>fecere;</span> <span class='ocrx_word' id='word_1_78' title='bbox 1741 1763 2026 1844; x_wconf 87' lang='lat' dir='ltr'>agilitate</span> <span class='ocrx_word' id='word_1_79' title='bbox 2072 1761 2473 1845; x_wconf 71' lang='lat' dir='ltr'>audaciaque</span> 
     </span>
     <span class='ocr_line' id='line_1_13' title="bbox 706 1872 2472 1958; baseline 0.002 -22"><span class='ocrx_word' id='word_1_80' title='bbox 706 1872 987 1936; x_wconf 89' lang='lat' dir='ltr'>hostium</span> <span class='ocrx_word' id='word_1_81' title='bbox 1022 1873 1267 1934; x_wconf 89' lang='lat' dir='ltr'>animos</span> <span class='ocrx_word' id='word_1_82' title='bbox 1297 1873 1669 1958; x_wconf 86' lang='lat' dir='ltr'>perculsere,</span> <span class='ocrx_word' id='word_1_83' title='bbox 1701 1881 1777 1937; x_wconf 82' lang='lat' dir='ltr'>eo</span> <span class='ocrx_word' id='word_1_84' title='bbox 1810 1875 2039 1956; x_wconf 77' lang='lat' dir='ltr'>magiS,</span> <span class='ocrx_word' id='word_1_85' title='bbox 2074 1872 2268 1955; x_wconf 82' lang='lat' dir='ltr'>quod,</span> <span class='ocrx_word' id='word_1_86' title='bbox 2299 1885 2472 1940; x_wconf 87' lang='lat' dir='ltr'>vete·</span> 
     </span>
     <span class='ocr_line' id='line_1_14' title="bbox 706 1985 2472 2070; baseline 0.003 -24"><span class='ocrx_word' id='word_1_87' title='bbox 706 1985 846 2047; x_wconf 88' lang='lat' dir='ltr'>rani</span> <span class='ocrx_word' id='word_1_88' title='bbox 890 1985 1176 2048; x_wconf 88' lang='lat' dir='ltr'>Britanni</span> <span class='ocrx_word' id='word_1_89' title='bbox 1219 2005 1406 2046; x_wconf 87' lang='lat' dir='ltr'>suam</span> <span class='ocrx_word' id='word_1_90' title='bbox 1447 1985 1735 2048; x_wconf 75' lang='lat' dir='ltr'>laudem²</span> <span class='ocrx_word' id='word_1_91' title='bbox 1785 1986 2207 2066; x_wconf 87' lang='lat' dir='ltr'>virtutemque</span> <span class='ocrx_word' id='word_1_92' title='bbox 2253 1985 2472 2070; x_wconf 81' lang='lat' dir='ltr'>praedi-</span> 
     </span>
     <span class='ocr_line' id='line_1_15' title="bbox 705 2099 2472 2182; baseline 0.002 -21"><span class='ocrx_word' id='word_1_93' title='bbox 705 2109 942 2174; x_wconf 78' lang='lat' dir='ltr'>canteS,</span> <span class='ocrx_word' id='word_1_94' title='bbox 972 2099 1267 2160; x_wconf 85' lang='lat' dir='ltr'>militiam</span> <span class='ocrx_word' id='word_1_95' title='bbox 1305 2099 1754 2182; x_wconf 86' lang='lat' dir='ltr'>provincialem</span> <span class='ocrx_word' id='word_1_96' title='bbox 1782 2121 1866 2162; x_wconf 82' lang='lat' dir='ltr'>ex</span> <span class='ocrx_word' id='word_1_97' title='bbox 1896 2101 2107 2162; x_wconf 82' lang='lat' dir='ltr'>animo</span> <span class='ocrx_word' id='word_1_98' title='bbox 2154 2100 2472 2182; x_wconf 84' lang='lat' dir='ltr'>despicere</span> 
     </span>
     <span class='ocr_line' id='line_1_16' title="bbox 705 2207 2473 2286; baseline 0.002 -16"><span class='ocrx_word' id='word_1_99' title='bbox 705 2208 1004 2270; x_wconf 85' lang='lat' dir='ltr'>solebant.</span> <span class='ocrx_word' id='word_1_100' title='bbox 1096 2207 1470 2270; x_wconf 84' lang='lat' dir='ltr'>Proesidium</span> <span class='ocrx_word' id='word_1_101' title='bbox 1508 2210 1935 2286; x_wconf 86' lang='lat' dir='ltr'>Bostoniense,</span> <span class='ocrx_word' id='word_1_102' title='bbox 1968 2210 2051 2273; x_wconf 85' lang='lat' dir='ltr'>ad</span> <span class='ocrx_word' id='word_1_103' title='bbox 2090 2210 2311 2272; x_wconf 83' lang='lat' dir='ltr'>inediae</span> <span class='ocrx_word' id='word_1_104' title='bbox 2358 2231 2473 2280; x_wconf 79' lang='lat' dir='ltr'>ex-</span> 
     </span>
     <span class='ocr_line' id='line_1_17' title="bbox 707 2317 2244 2401; baseline 0.004 -22"><span class='ocrx_word' id='word_1_105' title='bbox 707 2327 1000 2394; x_wconf 88' lang='lat' dir='ltr'>tremum,</span> <span class='ocrx_word' id='word_1_106' title='bbox 1025 2317 1162 2401; x_wconf 88' lang='lat' dir='ltr'>jam</span> <span class='ocrx_word' id='word_1_107' title='bbox 1191 2317 1498 2382; x_wconf 68' lang='lat' dir='ltr'>diuturna</span> <span class='ocrx_word' id='word_1_108' title='bbox 1527 2320 1846 2383; x_wconf 82' lang='lat' dir='ltr'>obsidione</span> <span class='ocrx_word' id='word_1_109' title='bbox 1876 2320 2244 2394; x_wconf 85' lang='lat' dir='ltr'>deductum.</span> 
     </span>
    </p>
   </div>
   <div class='ocr_carea' id='block_1_3' title="bbox 675 2505 2471 2948">
    <p class='ocr_par' dir='ltr' id='par_1_3' title="bbox 675 2505 2471 2948">
     <span class='ocr_line' id='line_1_18' title="bbox 767 2505 2471 2575; baseline 0.003 -21"><span class='ocrx_word' id='word_1_110' title='bbox 767 2515 786 2548; x_wconf 85' lang='lat'>1</span> <span class='ocrx_word' id='word_1_111' title='bbox 818 2508 958 2554; x_wconf 76' lang='lat' dir='ltr'>Luce.</span> <span class='ocrx_word' id='word_1_112' title='bbox 1022 2509 1052 2534; x_wconf 77' lang='lat'>‘⁸</span> <span class='ocrx_word' id='word_1_113' title='bbox 1062 2506 1170 2555; x_wconf 86' lang='lat' dir='ltr'>Life</span> <span class='ocrx_word' id='word_1_114' title='bbox 1180 2510 1228 2566; x_wconf 87' lang='lat'>;”</span> <span class='ocrx_word' id='word_1_115' title='bbox 1260 2505 1396 2554; x_wconf 65' lang='lat' dir='ltr'>laxis</span> <span class='ocrx_word' id='word_1_116' title='bbox 1417 2505 1683 2572; x_wconf 76' lang='lat' dir='ltr'>smquently</span> <span class='ocrx_word' id='word_1_117' title='bbox 1701 2507 1837 2569; x_wconf 83' lang='lat' dir='ltr'>used,</span> <span class='ocrx_word' id='word_1_118' title='bbox 1857 2507 2167 2575; x_wconf 79' lang='lat' dir='ltr'>figuratively,</span> <span class='ocrx_word' id='word_1_119' title='bbox 2186 2508 2257 2558; x_wconf 83' lang='lat' dir='ltr'>sor</span> <span class='ocrx_word' id='word_1_120' title='bbox 2284 2509 2377 2572; x_wconf 79' lang='lat' dir='ltr'>life,</span> <span class='ocrx_word' id='word_1_121' title='bbox 2396 2525 2471 2563; x_wconf 69' lang='lat' dir='ltr'>ea-</span> 
     </span>
     <span class='ocr_line' id='line_1_19' title="bbox 705 2580 1368 2648; baseline 0.005 -19"><span class='ocrx_word' id='word_1_122' title='bbox 705 2581 909 2648; x_wconf 76' lang='lat' dir='ltr'>pecinlly</span> <span class='ocrx_word' id='word_1_123' title='bbox 928 2595 1108 2648; x_wconf 84' lang='lat' dir='ltr'>among</span> <span class='ocrx_word' id='word_1_124' title='bbox 1125 2580 1204 2630; x_wconf 85' lang='lat' dir='ltr'>the</span> <span class='ocrx_word' id='word_1_125' title='bbox 1222 2587 1368 2646; x_wconf 76' lang='lat' dir='ltr'>poete.</span> 
     </span>
     <span class='ocr_line' id='line_1_20' title="bbox 675 2655 2471 2726; baseline 0.008 -26"><span class='ocrx_word' id='word_1_126' title='bbox 675 2665 682 2672; x_wconf 89' lang='lat'><strong>·</strong></span> <span class='ocrx_word' id='word_1_127' title='bbox 767 2665 792 2700; x_wconf 73' lang='lat'>2</span> <span class='ocrx_word' id='word_1_128' title='bbox 821 2657 1039 2704; x_wconf 78' lang='lat' dir='ltr'>Laudem.</span> <span class='ocrx_word' id='word_1_129' title='bbox 1103 2659 1132 2684; x_wconf 78' lang='lat'>‘⁴</span> <span class='ocrx_word' id='word_1_130' title='bbox 1143 2655 1538 2719; x_wconf 78' lang='lat' dir='ltr'>Commendable,</span> <span class='ocrx_word' id='word_1_131' title='bbox 1558 2673 1612 2707; x_wconf 89' lang='lat' dir='ltr'>or</span> <span class='ocrx_word' id='word_1_132' title='bbox 1639 2657 1982 2726; x_wconf 72' lang='lat' dir='ltr'>praisewortby</span> <span class='ocrx_word' id='word_1_133' title='bbox 2000 2659 2181 2710; x_wconf 79' lang='lat' dir='ltr'>actions</span> <span class='ocrx_word' id='word_1_134' title='bbox 2194 2665 2241 2723; x_wconf 86' lang='lat'>;”</span> <span class='ocrx_word' id='word_1_135' title='bbox 2271 2660 2341 2711; x_wconf 88' lang='lat' dir='ltr'>for</span> <span class='ocrx_word' id='word_1_136' title='bbox 2368 2663 2471 2714; x_wconf 65' lang='lat' dir='ltr'>laus</span> 
     </span>
     <span class='ocr_line' id='line_1_21' title="bbox 705 2727 2470 2797; baseline 0.003 -14"><span class='ocrx_word' id='word_1_137' title='bbox 705 2747 876 2783; x_wconf 70' lang='lat' dir='ltr'>means</span> <span class='ocrx_word' id='word_1_138' title='bbox 895 2731 1037 2793; x_wconf 84' lang='lat' dir='ltr'>often,</span> <span class='ocrx_word' id='word_1_139' title='bbox 1053 2740 1137 2781; x_wconf 89' lang='lat' dir='ltr'>not</span> <span class='ocrx_word' id='word_1_140' title='bbox 1155 2748 1209 2783; x_wconf 79' lang='lat' dir='ltr'>so</span> <span class='ocrx_word' id='word_1_141' title='bbox 1223 2733 1367 2782; x_wconf 86' lang='lat' dir='ltr'>much</span> <span class='ocrx_word' id='word_1_142' title='bbox 1380 2737 1549 2796; x_wconf 64' lang='lat' dir='ltr'>praese,</span> <span class='ocrx_word' id='word_1_143' title='bbox 1564 2750 1620 2783; x_wconf 79' lang='lat' dir='ltr'>as</span> <span class='ocrx_word' id='word_1_144' title='bbox 1638 2737 1761 2784; x_wconf 71' lang='lat' dir='ltr'>those</span> <span class='ocrx_word' id='word_1_145' title='bbox 1774 2737 1920 2797; x_wconf 67' lang='lat' dir='ltr'>dende,</span> <span class='ocrx_word' id='word_1_146' title='bbox 1936 2727 2092 2784; x_wconf 79' lang='lat' dir='ltr'>which</span> <span class='ocrx_word' id='word_1_147' title='bbox 2105 2737 2242 2786; x_wconf 88' lang='lat' dir='ltr'>merit</span> <span class='ocrx_word' id='word_1_148' title='bbox 2258 2737 2323 2786; x_wconf 83' lang='lat' dir='ltr'>it:</span> <span class='ocrx_word' id='word_1_149' title='bbox 2358 2738 2470 2788; x_wconf 77' lang='lat' dir='ltr'>thus</span> 
     </span>
     <span class='ocr_line' id='line_1_22' title="bbox 705 2808 2471 2875; baseline 0.006 -20"><span class='ocrx_word' id='word_1_150' title='bbox 705 2808 842 2872; x_wconf 76' lang='lat' dir='ltr'>Yirg.</span> <span class='ocrx_word' id='word_1_151' title='bbox 905 2811 936 2837; x_wconf 88' lang='lat'><strong><em>“</em></strong></span> <span class='ocrx_word' id='word_1_152' title='bbox 953 2809 1071 2857; x_wconf 74' lang='lat' dir='ltr'>Sum</span> <span class='ocrx_word' id='word_1_153' title='bbox 1091 2811 1226 2858; x_wconf 74' lang='lat' dir='ltr'>etiam</span> <span class='ocrx_word' id='word_1_154' title='bbox 1239 2810 1312 2858; x_wconf 72' lang='lat' dir='ltr'>hic</span> <span class='ocrx_word' id='word_1_155' title='bbox 1331 2825 1415 2859; x_wconf 74' lang='lat' dir='ltr'>sua</span> <span class='ocrx_word' id='word_1_156' title='bbox 1427 2813 1624 2875; x_wconf 73' lang='lat' dir='ltr'>proemt‘a</span> <span class='ocrx_word' id='word_1_157' title='bbox 1637 2813 1810 2874; x_wconf 51' lang='lat' dir='ltr'>laudi?</span> <span class='ocrx_word' id='word_1_158' title='bbox 1832 2815 1861 2842; x_wconf 90' lang='lat'><strong>“</strong></span> <span class='ocrx_word' id='word_1_159' title='bbox 1872 2811 2034 2864; x_wconf 80' lang='lat' dir='ltr'>Nohle</span> <span class='ocrx_word' id='word_1_160' title='bbox 2051 2812 2198 2874; x_wconf 73' lang='lat' dir='ltr'>deeds</span> <span class='ocrx_word' id='word_1_161' title='bbox 2211 2813 2333 2866; x_wconf 73' lang='lat' dir='ltr'>have</span> <span class='ocrx_word' id='word_1_162' title='bbox 2350 2814 2471 2866; x_wconf 73' lang='lat' dir='ltr'>their</span> 
     </span>
     <span class='ocr_line' id='line_1_23' title="bbox 705 2883 1368 2948; baseline 0.002 -8"><span class='ocrx_word' id='word_1_163' title='bbox 705 2901 818 2941; x_wconf 81' lang='lat' dir='ltr'>own</span> <span class='ocrx_word' id='word_1_164' title='bbox 837 2883 1058 2948; x_wconf 72' lang='lat' dir='ltr'>rewmds,</span> <span class='ocrx_word' id='word_1_165' title='bbox 1079 2900 1198 2935; x_wconf 79' lang='lat' dir='ltr'>even</span> <span class='ocrx_word' id='word_1_166' title='bbox 1215 2885 1368 2940; x_wconf 73' lang='lat' dir='ltr'>here-’²</span> 
     </span>
    </p>
   </div>
   <div class='ocr_carea' id='block_1_4' title="bbox 2430 2955 2469 2978">
    <p class='ocr_par' dir='ltr' id='par_1_4' title="bbox 2430 2955 2469 2978">
     <span class='ocr_line' id='line_1_24' title="bbox 2430 2955 2469 2978; baseline 0 0"><span class='ocrx_word' id='word_1_167' title='bbox 2430 2955 2469 2978; x_wconf 72' lang='grc' dir='ltr'>-δ</span> 
     </span>
    </p>
   </div>
  </div>
 </body>
</html>
