3300 4634
1264 497 1777 547 wasnmutoml
1822 497 2001 544 VITA·

679 728 684 734 ·
741 641 1002 707 fuisse?
1094 642 1170 705 In
1214 638 1314 704 his
1357 661 1569 704 rerum
1614 642 1949 725 angustiis,
1986 641 2323 706 eonsilium
2358 641 2527 707 mili-

743 765 902 831 tare,
927 757 1064 818 una
1089 773 1264 831 voce,
1288 764 1616 837 receptum
1642 753 1729 816 ad
1758 765 1941 838 prata
1970 754 2259 836 ingentia
2276 753 2522 819 suasit:

743 865 852 966 qui
877 875 1164 950 receptus
1186 867 1326 929 sine
1351 869 1532 930 mora
1551 869 1785 944 faetus,
1800 867 2331 949 vehementerque
2350 865 2527 930 elab-

743 989 1014 1054 oratum,
1045 988 1118 1040 ut
1160 980 1385 1062 agger-¹
1429 997 1627 1060 quam
1672 978 1961 1042 maxime
2002 978 2293 1042 munitus
2334 988 2523 1042 esset.

741 1088 1122 1172 Priusquam
1165 1090 1288 1153 hoo
1333 1090 1498 1153 effici
1541 1090 1765 1174 potuit,
1804 1089 1905 1152 De
1932 1089 2169 1166 Villier,
2198 1091 2527 1173 praefeotu·

743 1200 994 1278 Gallus,
1023 1221 1350 1284 aggerem,
1381 1204 1628 1284 magna
1656 1222 1859 1266 manu
1891 1201 2155 1284 aggredi
2184 1201 2391 1285 eoepit.

834 1311 1341 1394 oppugnatores,
1389 1314 1711 1376 arboribus
1760 1313 2011 1390 crebris,
2066 1312 2319 1394 altoque
2378 1333 2528 1394 gra·

747 1422 918 1486 mine
950 1423 1074 1486 tuti
1103 1435 1302 1488 erant.
1395 1425 1785 1500 Americani,
1807 1427 2071 1486 summa,
2094 1424 2347 1497 virtute,
2370 1422 2531 1485 Gal-

741 1534 949 1600 lorum
993 1535 1306 1618 impetum
1335 1535 1756 1618 exceperunt,
1790 1552 2065 1614 eumque
2110 1552 2328 1596 eorum
2372 1551 2531 1596 non·

744 1646 937 1709 nullis
958 1647 1156 1709 etiam
1176 1647 1342 1709 intra
1363 1665 1669 1728 aggerem
1694 1647 2137 1722 conflixerunt,
2162 1643 2315 1706 etin
2335 1646 2529 1722 fossa,

743 1758 1056 1841 valloque,
1073 1758 1296 1821 aeriter
1315 1758 1709 1824 resistebant.
1780 1757 1900 1821 Per
1918 1756 2091 1820 diem
2109 1768 2333 1833 totum,
2348 1766 2533 1820 extra

743 1891 1054 1952 aggerem
1083 1870 1620 1951 Washingtonius
1664 1878 2094 1932 commoratus
2152 1887 2275 1930 sua
2314 1869 2533 1951 opera.⁸

743 1983 1078 2048 fortissime
1109 1979 1410 2044 defendit.
1505 1979 1610 2043 Ab
1639 1979 1800 2044 hora
1830 1979 2133 2055 decima,a
2162 1979 2247 2042 ad
2274 1989 2533 2043 noctem

743 2110 944 2176 usque
988 2103 1352 2176 pugnatum
1380 2100 1496 2166 est,
1529 2110 1681 2152 eum
1709 2089 2045 2172 imperator
2075 2089 2305 2152 Gallus
2341 2090 2533 2152 eollo-

745 2204 968 2286 quium
1011 2203 1250 2286 petivit,
1283 2201 1741 2283 deditionisque
1772 2199 2165 2264 conditiones
2192 2200 2529 2284 proposuit.

747 2314 872 2380 Hae
901 2313 1314 2390 conditiones,
1345 2313 1437 2374 ita
1469 2313 1552 2374 ab
1581 2331 1661 2374 eo
1690 2311 1937 2388 oblatae,
1968 2311 2199 2394 partim
2228 2321 2532 2394 acceptae,

745 2426 978 2510 partim
1007 2424 1353 2506 repudiatae
1385 2433 1585 2484 erant.
1677 2421 2103 2500 Tandemque
2125 2432 2264 2502 post
2292 2421 2535 2503 discep-

747 2535 1060 2598 tationem
1087 2534 1397 2615 longam,⁴
1431 2533 1512 2594 ab
1537 2530 1646 2594 illo
1675 2530 2085 2614 impetratum
2102 2539 2219 2607 est,
2242 2539 2320 2593 ut
2342 2531 2536 2614 eopia

748 2645 1172 2741 Amegieanoe,
1197 2644 1478 2721 domum,
1510 2643 1689 2707 nullo
1716 2642 2124 2727 impediente,
2153 2653 2537 2708 reverteren-

751 2769 872 2836 tur,
898 2777 1076 2822 arma
1097 2757 1701 2843 impedimentaque⁵
1722 2755 2037 2820 retinendi
2058 2755 2365 2819 facultate
2384 2777 2537 2820 eon-

747 2875 952 2936 cessa.

842 2981 1197 3045 Consilium
1249 2981 1573 3064 publicum
1615 2979 2034 3062 Virginiense,
2088 2977 2169 3040 ob
2221 2977 2539 3058 insignem

815 3215 834 3249 1
866 3207 1042 3270 Agger.
1107 3203 1200 3253 “A
1221 3203 1355 3265 fort,”
1377 3206 1410 3232 “
1423 3207 1681 3267 rampart?
1701 3204 1790 3252 &e-

812 3290 839 3328 2
875 3285 1035 3345 Opera.
1101 3284 1133 3310 ‘⁸
1146 3281 1384 3341 werke?
1405 3279 1509 3328 that
1520 3279 1579 3339 is,
1599 3278 1947 3339 fortifications,
1968 3293 2022 3326 or
2038 3277 2147 3327 fort.

813 3367 840 3403 θ
867 3361 998 3410 Hora
1017 3361 1202 3408 decima.
1267 3361 1298 3386 ‘⁴
1314 3359 1427 3407 Ten
1447 3355 1506 3406 of
1521 3355 1603 3403 the
1623 3355 1763 3404 clock
1781 3354 1832 3403 in
1852 3355 1934 3404 the
1949 3353 2215 3418 morning.”
2277 3353 2390 3404 The
2407 3353 2540 3416 time,

755 3436 855 3485 and
875 3437 955 3484 the
975 3435 1176 3485 division
1190 3434 1246 3485 of
1256 3435 1338 3485 the
1352 3434 1464 3498 day,
1481 3431 1774 3497 throughout
1787 3430 1883 3480 this
1902 3431 2055 3493 work,
2069 3429 2167 3481 will
2181 3431 2243 3480 be
2261 3429 2543 3482 considered

753 3512 1016 3577 agreeably
1034 3519 1086 3559 to
1106 3512 1186 3560 the
1204 3515 1392 3561 modern
1411 3510 1615 3561 division
1634 3509 1693 3558 of
1708 3508 1791 3558 the
1810 3507 1922 3574 day.

819 3597 843 3630 4
879 3589 1218 3646 Discepticmem
1237 3590 1436 3650 longam,
1458 3591 1488 3617 ‘⁶
1503 3604 1535 3636 a
1553 3588 1670 3652 long
1687 3586 1906 3649 debate,'’
1926 3601 1982 3636 or
2000 3584 2288 3635 discussion.

821 3671 846 3706 ε
877 3662 1218 3722 Impedimenta-
1277 3663 1356 3726 By
1377 3663 1469 3712 this
1501 3663 1801 3714 substantive
1831 3663 1883 3711 in
1910 3662 1991 3710 the
2020 3661 2176 3725 plural
2206 3659 2423 3718 number,
2443 3655 2544 3706 will

755 3740 823 3791 be
842 3735 1148 3798 understood,
1168 3737 1372 3798 baggage
1391 3740 1446 3800 qt*
1467 3755 1528 3788 aa
1547 3756 1691 3801 away,
1711 3737 2004 3802 throughout
2021 3738 2103 3786 the
2120 3732 2281 3784 whole
2298 3731 2450 3784 work·

1605 3835 1703 3878 02
