3300 4634
836 543 961 606 168
1350 557 1858 606 wzsnrrcaronn
1905 557 2080 604 vnn.

830 705 1035 778 fusus,
1062 721 1167 764 me
1191 703 1603 768 vehementer
1622 717 1840 788 anget,
1863 705 2020 782 illos,
2043 703 2424 786 quibuscum
2448 722 2602 777 sors,

830 823 895 874 et
938 813 1221 895 pericula
1260 815 1629 878 communia
1655 816 1978 898 quondam
2005 836 2113 878 me
2135 817 2506 900 junxerunt,
2532 814 2604 876 in

830 934 1141 986 oeternum
1166 927 1427 988 forsitan
1458 928 1876 1008 relinquere.”

919 1035 1273 1098 Calumniae
1300 1047 1365 1098 et
1395 1037 1682 1098 convicia
1705 1037 1980 1120 plurima
1999 1058 2139 1118 quoe
2165 1038 2234 1100 in
2253 1037 2606 1118 Washing-

828 1148 1074 1210 torrium
1102 1157 1411 1230 congesta
1438 1150 1712 1224 fuerant,
1737 1147 1994 1210 nullum
2025 1148 2108 1208 ab
2131 1167 2206 1208 eo
2235 1164 2608 1230 responsum

829 1259 1055 1322 elicere
1116 1280 1401 1342 unquam
1460 1270 1772 1344 poterant.
1864 1257 2314 1342 Epistolarum,
2363 1268 2606 1335 tamen,

828 1369 1173 1433 fasciculus
1215 1371 1385 1455 (quae
1432 1373 1479 1434 a
1506 1371 2001 1452 Washingtonio
2045 1370 2287 1453 scriptae
2330 1371 2608 1447 fuerant,

830 1491 905 1544 ut
928 1482 1069 1565 ejus
1096 1481 1334 1544 inimici
1356 1480 1706 1565 volebant,)
1733 1485 1774 1546 a
1808 1483 2146 1558 Britannis,
2171 1481 2410 1544 Christi
2441 1501 2610 1544 anno

830 1593 1170 1657 millesimo
1215 1594 1775 1679 septingentesimo
1815 1594 2280 1678 septuagesimo
2309 1602 2510 1668 sexto,
2541 1587 2611 1653 in

830 1704 1045 1767 lucem
1090 1706 1335 1768 emissae
1378 1708 1654 1770 fuerant.
1747 1705 2062 1789 Epistolas
2093 1706 2306 1782 hasce,
2339 1725 2416 1766 eo
2461 1724 2612 1766 con-

833 1814 996 1889 siliu,
1024 1815 1087 1874 in
1120 1815 1333 1876 lucem
1378 1817 1644 1879 emisere
1675 1817 1990 1893 Britanni,
2025 1828 2098 1878 ut
2128 1815 2435 1878 invidiam
2479 1815 2613 1878 odi-

832 1929 1071 2007 umq'ue
1118 1926 1287 2010 apud
1338 1926 1672 2009 populares
1725 1927 2218 2009 Washingtonio
2278 1937 2563 1989 crearent
2591 1947 2609 2004 ;

832 2036 1049 2118 longo,
1095 2036 1381 2112 tandem,
1428 2047 1585 2120 post,
1619 2048 1922 2122 tempore,
1955 2058 2106 2099 cum
2151 2037 2432 2120 praesidis
2477 2038 2614 2098 offi-

836 2147 1013 2210 cium
1055 2147 1192 2232 jam
1242 2156 1691 2231 exsequeretur
1733 2148 2289 2230 Washingtonius,
2336 2146 2616 2230 epistolae

836 2260 990 2337 istae,
1036 2259 1270 2336 denuo,
1320 2261 1401 2322 ab
1445 2261 1582 2344 ejus
1626 2260 1922 2337 inimiciS,
1968 2260 2036 2322 in
2081 2259 2298 2322 lucem
2343 2257 2612 2321 emissae.

836 2371 1150 2448 Tandem,
1180 2371 1738 2454 Washingtonius,
1769 2371 2064 2454 epistolas
2094 2354 2418 2432 istas'sese
2449 2389 2618 2432 nun-

838 2504 1033 2566 quam
1064 2483 1381 2568 scripsisse
1412 2482 1603 2568 plane
1626 2483 1766 2568 jam
1807 2483 2178 2545 affirmabat.

928 2595 1210 2680 Tempus
1234 2595 1371 2677 jam
1402 2595 1702 2671 instabat,
1735 2615 1862 2676 quo
1891 2593 2462 2676 Washingtonium
2501 2591 2621 2653 im-

840 2705 1081 2767 nerium
1110 2705 1470 2784 deponere,¹
1496 2705 1760 2786 ejusque
1791 2725 2271 2781 successsorem,
2301 2705 2621 2766 Joannem

840 2814 1107 2890 Adams,
1140 2813 1589 2894 magistratum
1620 2827 1951 2875 summum
1981 2815 2294 2897 suscipere
2325 2825 2390 2874 et
2437 2807 2622 2875 assu-

840 2946 1015 2990 mere
1059 2926 1401 3010 oportebat.
1495 2925 2026 3007 Washingtonius
2055 2936 2121 2987 et
2151 2923 2398 2988 Adams
2427 2925 2622 2986 simul

842 3039 926 3104 ad.
972 3038 1405 3121 Congressum
1448 3037 1844 3114 incedebant,
1877 3038 1988 3099 ubi
2025 3036 2438 3120 jurejurando
2481 3057 2622 3098 sese

842 3151 1173 3214 obstrinxit
1219 3150 1483 3226 Adams,
1518 3161 1701 3234 prout
1745 3149 1922 3232 leges
1967 3149 2309 3233 postulant.
2401 3149 2623 3211 Lucu·-

843 3262 1017 3326 lentfl
1052 3262 1336 3325 oratione
1363 3261 1929 3344 Washingtonium
1962 3261 2046 3324 ad
2076 3262 2308 3324 coelum
2338 3260 2592 3322 extulit.

934 3374 1230 3436 Praeside⁵²
1259 3396 1423 3436 novo
1468 3375 1768 3452 salutato,
1799 3375 1884 3436 ad
1920 3384 2204 3435 montem
2233 3371 2625 3434 Vernonium

846 3503 1103 3568 pergere
1124 3487 1477 3568 properavit
1489 3485 2054 3566 Washingtonius;
2083 3485 2408 3568 propterea
2427 3481 2623 3564 qued,

910 3681 930 3714 1
962 3674 1214 3735 Imperium
1232 3674 1465 3734 deponere,
1488 3675 1518 3700 ‘⁴
1533 3679 1585 3720 to
1600 3672 1684 3736 lay
1703 3671 1838 3720 aeide
1856 3671 1932 3719 his
1949 3676 2157 3736 power.”

910 3758 936 3794 2
965 3751 1187 3810 Pro-sicle,
1222 3752 1323 3810 ᾦα,
1356 3749 1439 3797 the
1470 3764 1581 3798 new
1614 3747 1872 3813 president,
1889 3747 1994 3809 viz„
2026 3748 2232 3810 Adams,
2253 3747 2398 3812 being
2423 3743 2628 3806 solutori,

849 3826 1185 3890 Washington
1205 3825 1439 3877 hastened
1458 3833 1509 3875 to
1527 3825 1730 3892 proceed
1751 3833 1802 3874 to
1819 3825 2003 3874 Mount
2020 3825 2240 3887 Vei-non,
2257 3827 2350 3876 &c-
