3300 4634
1235 511 1745 559 wamma-rotun
1792 513 1969 558 πυ.
2412 493 2497 556 56

713 679 838 742 que
885 659 1040 724 Dux
1071 659 1298 736 Howe,
1329 679 1522 742 quem
1552 660 1810 723 Novum
1838 659 2201 724 Eboracum
2238 655 2499 720 tendere

714 773 892 832 recta
920 769 1262 854 oportebat,
1291 791 1444 834 cum
1473 772 1669 854 copiis
1697 769 1981 854 praesidio
2009 769 2325 836 Bostoniae
2348 769 2498 832 sub-

714 878 924 944 ductis
969 881 1240 944 Halifax
1293 883 1532 965 petivit.
1631 882 1769 946 Illic
1824 881 2073 945 auxilia
2126 881 2209 944 ab
2252 879 2503 962 Angue.

713 1003 1052 1075 expectata
1095 993 1568 1077 opperiebatur3
1615 1003 1689 1056 at
1729 981 2015 1068 tandem,
2060 1011 2253 1057 morae
2298 991 2499 1074 impa-

715 1103 895 1179 tiens,
917 1104 1054 1167 sine
1077 1103 1338 1167 auxiliis
1357 1105 1725 1168 Eboracum
1745 1104 2005 1167 Novum
2024 1101 2235 1178 solvit,
2254 1103 2501 1184 subque

709 1213 888 1276 Junii
932 1217 1128 1279 finem
1169 1215 1454 1278 insulam
1497 1217 1731 1280 Staten
1774 1215 1956 1300 cepit.
2071 1213 2295 1278 Frater
2335 1213 2499 1296 ejus,

711 1325 932 1386 classis
975 1328 1330 1408 praefectus,
1377 1347 1526 1390 cum
1571 1327 1763 1410 copiis
1816 1319 2157 1390 navalibus
2208 1324 2501 1388 auxiliis·

713 1453 839 1516 que
889 1434 1276 1517 pedestribus
1327 1436 1412 1498 ad
1459 1457 1602 1499 oras
1648 1436 2251 1499 Neo-Eboracenses
2300 1433 2499 1516 paulo

713 1556 854 1628 post
915 1565 1114 1608 naves
1169 1545 1414 1629 appulit
1437 1549 1482 1607 :¹
1544 1548 1940 1626 fratrumque
1984 1543 2255 1606 duorum
2310 1541 2505 1625 copiis

710 1657 1090 1739 conjunctis,
1121 1655 1207 1720 ad
1234 1655 1479 1720 bellum
1507 1653 2075 1738 redintegrandum
2114 1662 2343 1738 parata
2364 1671 2501 1718 om-

709 1767 826 1828 nia
853 1767 1250 1831 videbantur.
2326 1844 2331 1848 ,

709 1921 722 1928 -
801 1878 978 1941 Ante
996 1879 1143 1942 belli
1161 1879 1439 1956 initium,
1455 1879 1805 1964 Anglicani
1826 1880 2143 1947 exercitus
2160 1879 2321 1960 dux,
2332 1879 2501 1966 ejus-

713 2007 838 2068 que
868 1990 1076 2064 frater,
1098 1991 1210 2071 qui
1241 1991 1428 2054 classi
1457 2003 1743 2073 praeerat,
1756 1996 2106 2057 curatores’
2126 2014 2169 2057 a
2186 2014 2337 2076 rege
2358 1995 2501 2058 Bri-

713 2106 930 2172 tann0,
961 2097 1046 2160 ad
1087 2117 1312 2178 pacem
1343 2099 1863 2179 concordiamque
1894 2100 2213 2182 Angliam
2241 2104 2407 2164 inter
2434 2113 2502 2164 et

715 2205 990 2268 colonias
1019 2206 1502 2282 restituendam,
1528 2209 1879 2284 constituti,
1902 2209 2216 2291 colloquia
2238 2209 2319 2273 de
2343 2231 2503 2294 pace

705 2314 1131 2399 transigenda
1171 2316 1406 2380 habere
1449 2316 1818 2382 decernunt.
1916 2319 1991 2382 In
2032 2319 2229 2401 hujus
2256 2321 2501 2403 negotii

670 2437 676 2443 '
715 2426 1159 2510 inceptionem,
1179 2428 1396 2489 literas
1417 2426 1502 2488 ad
1522 2432 1562 2464 “
1585 2428 1913 2509 Georgium
1944 2429 2503 2511 Washingtmsiuff

711 2537 1047 2612 miserunt,
1093 2554 1256 2617 quas
1316 2535 1600 2618 accipere
1645 2535 1875 2612 renuit,
1920 2543 2001 2600 οὸ
2046 2536 2241 2618 quod,
2286 2538 2497 2618 titulo,

706 2646 918 2712 ordini
962 2647 1194 2725 debito,
1224 2646 1540 2732 inscrion
1569 2648 1869 2711 carebat:
1916 2647 2263 2731 simulque,
2297 2653 2381 2714 ea
2420 2651 2503 2715 de

715 2779 804 2836 re,
835 2758 922 2822 ad
947 2759 1376 2842 Congressum
1417 2759 1685 2844 scripsit,
1712 2767 1753 2798 “
1774 2760 1860 2824 Se
1890 2780 2227 2843 nunquam
2278 2783 2500 2827 neces-

713 2872 892 2934 sariis
921 2891 1395 2954 supervacanea
1423 2872 1793 2954 praetulisse,
1817 2882 1907 2948 at,
1932 2871 2058 2934 hac
2084 2873 2155 2934 in
2182 2893 2271 2949 re,
2302 2874 2501 2938 hono-

719 3086 798 3134 the
817 3084 1071 3148 departure
1090 3084 1146 3132 of
1167 3084 1248 3133 the
1277 3084 1456 3134 British
1473 3085 1556 3137 ‚sor
1584 3083 1977 3136 Helium—The
2004 3086 2257 3148 gomadim
2288 3085 2505 3148 acijcctt‘ve

720 3162 1006 3224 conficiendo,
1027 3160 1076 3210 in
1108 3161 1187 3210 the
1219 3162 1372 3210 above
1405 3169 1646 3223 sentence,
1668 3161 1711 3211 is
1743 3161 2018 3227 dependant
2049 3176 2113 3210 on
2144 3177 2433 3219 concessumf
2465 3160 2505 3212 it

717 3238 874 3304 might
903 3241 964 3288 be
997 3237 1252 3304 expressed
1277 3237 1543 3299 otherwise,
1561 3239 1692 3299 thus,
1712 3241 1771 3286 ad
1788 3239 1869 3286 Ιιοο
1888 3240 2123 3300 aeg-otium
2142 3239 2469 3300 conficiendum
2480 3255 2503 3296 ‚-

720 3315 1522 3380 mjmnegofflcmtfickndssorhoe
1553 3317 1791 3376 negatam
1816 3314 2118 3374 conficiendi5
2150 3313 2379 3363 inwhich
2406 3320 2505 3364 two

720 3391 818 3440 last
833 3408 986 3454 cases,
1007 3390 1304 3455 conficiendi
1291 3407 1334 3440 rs
1353 3387 1594 3455 govemed
1614 3390 1681 3452 by
1699 3389 1781 3438 the
1800 3404 1935 3438 noun
1954 3394 2147 3453 tamus.

785 3474 804 3508 1
823 3468 983 3515 Nava
997 3470 1187 3530 appulit,
1208 3471 1238 3496 ‘⁶
1253 3466 1478 3528 lauded?
1480 3465 1731 3529 ’literany,
1751 3465 1813 3514 he
1832 3465 1977 3514 drove
2000 3471 2051 3514 to
2073 3467 2226 3530 (laid)
2249 3467 2332 3516 the
2352 3465 2505 3532 ships.

783 3550 810 3586 ι
844 3544 1114 3600 cardons,-
1146 3544 1214 3606 by
1233 3542 1328 3592 this
1359 3558 1474 3607 may
1493 3542 1606 3591 here
1635 3544 1697 3590 be
1716 3540 2041 3591 understood‘
2042 3542 2504 3603 ‘commissionem'

724 3617 811 3677 sor,
843 3617 923 3664 the
953 3624 1312 3679 nomem-ator,
1345 3618 1556 3682 signifies
1588 3634 1690 3682 any
1720 3633 1894 3704 person
1926 3618 2165 3667 towhom
2194 3618 2506 3666 thee-reor

721 3693 898 3757 charge
930 3689 987 3740 of
1008 3692 1306 3756 transacting
1337 3709 1435 3757 any
1465 3693 1732 3742 business
1718 3710 1762 3742 ιο
1794 3692 2103 3754 committed3
2135 3690 2282 3753 being
2310 3689 2505 3740 derived

722 3769 848 3821 from
867 3770 1029 3832 mq‘
1032 3770 1314 3827 “concem,’
1335 3771 1534 3829 “οπο,”
1557 3769 1819 3833 “charge‘’
