3300 4634
1246 503 1755 551 wasnmerouu
1804 505 1979 550 vrn.
2423 489 2506 553 27

720 651 972 731 ageret,
998 647 1262 730 illosque
1306 647 1665 712 hortaretur
1693 650 1789 712 uti
1817 649 1884 712 in
1915 648 2256 714 Britannos
2283 647 2506 714 fideles

723 770 1184 844 permanerent.
1278 759 1423 823 Hoc
1453 781 1718 849 munere
1748 761 1999 845 publico
2020 761 2254 824 mirum
2278 762 2345 824 in
2368 781 2507 826 mo-
2552 757 2563 766 '

721 865 880 934 dum
909 875 1274 955 perfunctus
1294 883 1415 950 est,
1436 873 1747 954 quamvis,
1769 873 1998 958 quippe
2020 873 2133 956 qui
2158 871 2507 937 admodum

725 981 999 1065 juvenis,
1031 982 1296 1066 ideoque
1341 1005 1555 1047 rerum
1585 985 1915 1069 imperitus
1941 988 1986 1050 a
2020 986 2342 1049 nonnullis
2386 1007 2505 1071 pu-

720 1095 995 1171 tabum,
1028 1105 1112 1173 et,
1139 1095 1208 1158 in
1237 1096 1470 1179 primi-e,
1496 1096 1650 1180 quia
1680 1097 1747 1160 in
1775 1097 2049 1180 negotiis
2076 1097 2201 1160 illis
2231 1097 2316 1160 ad
2348 1098 2505 1182 pub-

717 1204 986 1270 licarum
1015 1228 1226 1270 rerum
1251 1207 1664 1272 moderamen
1684 1208 2121 1293 spectantibus
2142 1207 2318 1271 haud
2338 1207 2505 1270 mul-

719 1327 860 1380 tum
891 1318 1320 1382 adolescentia
1349 1320 1486 1404 ejus
1516 1331 1767 1383 versata
1800 1331 1961 1396 erat,
1992 1320 2313 1404 imperitiae
2345 1319 2506 1383 diffi-

721 1425 940 1490 dentia
985 1430 1386 1510 quorundam
1431 1431 1678 1494 animos
1708 1432 2047 1493 invaserat.
2138 1429 2505 1493 Fatendum

717 1549 839 1617 est,
869 1549 1180 1615 attamen,
1207 1560 1326 1615 ree,
1357 1539 1438 1602 de
1468 1541 1697 1621 quibus
1741 1540 2073 1622 agebatur,
2103 1542 2341 1604 natura
2385 1543 2509 1603 sua

718 1650 990 1714 maximi
1021 1650 1216 1712 fuisse
1237 1652 1579 1727 momenti;
1611 1672 1743 1712 non
1765 1651 1939 1711 enim
1957 1651 2162 1714 multo
2193 1661 2329 1735 post
2356 1650 2506 1714 belli

716 1762 882 1824 inter
925 1761 1068 1823 illas
1111 1760 1404 1824 nationes
1445 1781 1654 1823 causae
1692 1761 2113 1839 exstiterunt;
2161 1762 2331 1844 quod
2366 1763 2506 1844 qui-

719 1872 868 1936 dem
896 1873 1136 1936 bellum
1165 1873 1356 1954 longe
1385 1871 1637 1954 lateque
1665 1871 1989 1950 diffusum,
2016 1871 2099 1935 ad
2128 1893 2348 1936 omnes
2377 1865 2505 1937 fere

717 2005 868 2065 oras,
886 1984 1050 2048 orbis
1080 1994 1388 2048 terrarum
1416 1984 1723 2068 pervenit,
1760 1983 2107 2067 Gallosque
2137 1984 2306 2047 hanc
2352 2005 2504 2048 con·-

718 2095 1028 2160 tinentem
1045 2096 1415 2179 relinquere,
1429 2116 1801 2179 quanquam
1818 2096 2049 2160 invitos
2061 2107 2129 2159 et
2141 2097 2502 2174 renitentes,

717 2209 948 2291 coegit.

805 2319 1138 2384 Reducem
1167 2320 1546 2404 salvumque
1579 2342 1664 2384 ex
1692 2322 1951 2405 negotio
1981 2332 2301 2386 tantorum
2345 2323 2505 2406 peri·-

717 2432 1008 2496 culorum
1035 2432 1292 2514 repleto,
1325 2433 1500 2494 cives
1524 2431 1777 2513 ubique,
1804 2443 1869 2493 et
1899 2432 2076 2493 omni
2100 2432 2329 2508 studi0,
2358 2452 2507 2514 gra-

719 2543 954 2605 tiarum
979 2541 1228 2604 actione
1253 2541 1504 2624 dignati
1527 2551 1697 2604 sunt.
1776 2540 2152 2623 Diligentia,
2176 2540 2508 2620 industria,

717 2665 786 2718 et
808 2653 1148 2736 vigilantia
1168 2652 1644 2735 Washingtonii
1669 2651 1880 2717 hocin
1906 2652 2134 2716 itinere
2161 2652 2506 2718 clarissime

716 2776 870 2830 sunt
899 2776 1244 2850 perspectae
1256 2788 1274 2844 ;
1310 2764 1528 2848 hique,
1553 2765 1663 2848 qui
1688 2765 1951 2828 easdem
1973 2766 2265 2848 regiones
2289 2777 2507 2850 postea

718 2887 1158 2962 peragrarunt,
1191 2877 1536 2961 plurimum
1567 2877 1785 2940 virtuti
1816 2877 2009 2939 simul
2040 2897 2115 2939 ac
2162 2877 2507 2959 diligentie

720 2989 860 3072 ejus
889 3008 1026 3050 sese
1051 2987 1280 3050 debere
1311 2989 1791 3051 confitebantur.
1886 2986 2089 3051 Haud
2112 2987 2317 3052 multo
2346 2998 2505 3071 post,

721 3101 906 3164 heros
934 3107 1144 3162 noster
1165 3097 1468 3182 juvenilis
1488 3100 1534 3163 ὲ,
1554 3098 1936 3176 Dinwiddie,
1958 3098 2254 3182 virginiae
2280 3100 2507 3183 guber-

722 3224 960 3290 natore,
995 3210 1080 3275 ad
1105 3213 1475 3296 praefectum
1508 3211 1835 3274 Gallicum
1864 3211 2095 3274 missus
2136 3221 2255 3287 est,
2286 3211 2365 3275 de
2409 3211 2507 3275 in-

726 3323 908 3407 juriis
937 3334 1258 3407 questum,
1283 3320 1539 3404 Anglis,
1569 3321 1679 3403 qui
1710 3342 1898 3405 prope
1930 3321 2171 3385 flumen
2200 3321 2369 3386 Ohio
2398 3321 2507 3385 de-

723 3437 981 3520 gebant,
1005 3446 1222 3500 contra
1241 3433 1481 3498 foedera
1505 3434 1911 3497 sanctissima
1931 3433 2149 3520 populi
2179 3435 2507 3519 utriusque

722 3549 935 3611 illatis.
1029 3547 1106 3608 In
1149 3547 1272 3609 hac
1317 3547 1659 3629 legatione,
1691 3567 2005 3629 magnum
2045 3557 2349 3611 eventum
2392 3545 2507 3607 ha-

723 3660 957 3735 bitura,
982 3657 1392 3738 animumque
1413 3657 1789 3741 prudentem
1810 3678 1986 3739 aeque
2010 3678 2085 3720 ac
2110 3652 2511 3738 impavidum

728 3771 1109 3863 postulante,
1125 3785 1233 3852 per
1259 3767 1546 3848 regiones
1565 3767 1845 3830 desertas
1866 3767 2091 3829 itinera
2114 3765 2284 3841 fecit,
2300 3778 2513 3842 neque
