3300 4634
1230 453 1739 499 wisurae-torm
1787 455 1963 500 vrn.
2406 439 2493 503 38

707 613 794 660 ex
823 594 1062 660 insidiis
1084 605 1297 680 petere
1325 607 1668 680 coeperunt.
1746 598 1961 662 Prima
1986 600 2161 661 acies
2186 599 2253 662 in
2282 601 2491 682 proxi-

707 728 887 770 mam
915 707 1182 790 relapsa,
1209 727 1570 791 agmenque
1601 719 1805 772 toturn
1832 709 2003 774 illico
2034 711 2491 796 perturbatum.

711 818 968 894 Hostes,
995 819 1316 902 praefectos
1344 820 1630 884 maxime
1656 821 2091 898 collineantes,
2122 821 2361 886 multos
2387 843 2497 888 oe-

708 928 1016 994 ciderunt.
1127 929 1421 993 Perbrevi
1482 952 1703 994 omnes
1760 932 1945 996 ducis
2002 933 2319 1016 adjutores
2377 946 2495 1000 aut

707 1041 1044 1120 vulnerati,
1079 1051 1193 1104 aut
1222 1042 1416 1105 occisi
1459 1054 1631 1121 sunt,
1674 1043 2171 1127 Washingtonio
2200 1057 2489 1130 excepto.

707 1152 818 1218 Ad
845 1153 1062 1231 heroa,
1093 1154 1310 1236 igitur,
1341 1166 1627 1218 nostrum
1656 1155 1899 1240 imperii
1927 1177 2183 1222 summa
2214 1157 2493 1236 devenit,

705 1265 818 1348 qui
874 1265 945 1328 in
1005 1266 1492 1330 confertissimos
1549 1267 1765 1330 hostes
1816 1269 2156 1347 incurrere,
2208 1280 2497 1352 retroque

711 1376 983 1458 gradum
1031 1377 1202 1455 dare,
1247 1399 1420 1441 nune
1461 1399 1610 1442 suos
1661 1379 1747 1442 ad
1792 1382 2031 1444 fortiter
2072 1380 2500 1463 pugnandum

710 1486 973 1564 hortari,
1003 1509 1181 1550 nuno
1209 1490 1339 1550 vim
1371 1489 1602 1551 addere
1621 1488 1827 1564 viotiS,
1854 1489 2113 1557 assidue
2142 1507 2503 1572 persevera-

711 1599 826 1662 vit.
919 1599 1090 1681 Equi
1121 1598 1270 1677 duo,
1295 1599 1523 1681 quibus
1553 1598 1887 1676 insidebat,
1922 1599 2263 1682 glandibus
2291 1599 2505 1684 plum-

711 1711 893 1789 beis,¹
921 1711 1170 1774 suffossi
1193 1713 1416 1788 fuere3
1460 1720 1851 1793 quatuorque
1884 1709 2156 1794 glandes
2186 1711 2499 1794 plumbeae

712 1843 824 1907 per
866 1822 1162 1886 tunicam
1201 1823 1527 1904 transiere,
1561 1832 1849 1885 attamen
1892 1822 2234 1888 incolumis
2272 1823 2499 1900 evasit,

710 1935 1006 2000 omnibus
1037 1935 1176 1998 aliis
1205 1934 1510 2019 praefectis
1539 1944 1658 1997 aut
1686 1934 2050 2012 interfectis,
2074 1945 2191 1998 aut
2223 1935 2503 2018 graviter

714 2047 1088 2115 vulneratis

803 2160 1368 2242 Washingtonium
1385 2161 1653 2223 omnino
1664 2159 2051 2222 ineolumem
2072 2157 2234 2219 inter
2247 2166 2504 2219 tantum

716 2272 1067 2336 occisorum
1113 2291 1414 2336 acervum
1455 2271 1716 2348 servari,
1746 2270 2039 2334 omnibus
2066 2271 2197 2332 fere
2238 2267 2509 2331 incredi-

717 2385 844 2448 bile
893 2385 1104 2448 visum
1119 2393 1302 2446 :—at
1343 2381 1545 2458 Deus,
1593 2382 1915 2463 Optimus,
1964 2380 2311 2453 Maximus,
2354 2397 2507 2445 eum

719 2495 807 2559 ad
835 2496 962 2557 alia
1003 2504 1072 2556 et
1108 2493 1352 2576 majora
1384 2490 1751 2554 reservavit.
1846 2491 2014 2551 Inter
2047 2487 2221 2550 hane
2252 2497 2509 2551 tantam

720 2618 1006 2689 stragem
1035 2603 1426 2686 clademque,
1466 2599 2000 2684 Washingtonius
2030 2619 2355 2664 summam
2382 2600 2511 2664 vir-

725 2730 930 2783 tutem
997 2716 1290 2782 ostendit.
1412 2713 1867 2791 Braddoekius,
1934 2713 2100 2776 inter
2175 2711 2511 2796 glandium

725 2831 1170 2915 plumbearum
1193 2827 1675 2890 multitudinem
1704 2827 2022 2886 infinitam
2043 2825 2209 2884 ultro
2232 2825 2511 2906 citroque

726 2941 1156 3015 volitantium,
1187 2938 1502 3000 interritus
1533 2935 1900 3022 permansit,
1934 2954 2226 3014 suosque,
2256 2953 2341 2994 ne
2372 2933 2514 2998 loco

729 3051 1046 3127 oederent,
1075 3070 1237 3112 neve
1269 3060 1448 3130 terga
1475 3058 1815 3124 verterent,
1846 3045 2033 3110 vultu
2063 3054 2371 3128 gestuque
2416 3053 2515 3107 est

727 3163 1038 3229 hortatus·
1130 3161 1222 3226 At
1250 3162 1447 3224 virtus
1477 3171 1612 3223 tam
1639 3160 1917 3243 insignis
1945 3159 2151 3221 inanis
2181 3158 2324 3234 fuit,
2346 3155 2517 3220 mili-

732 3278 1008 3360 tarisque
1029 3274 1381 3361 disciplina,
1396 3272 1632 3336 milites
1646 3272 1985 3336 Britannos
1996 3269 2247 3333 ordines
2264 3287 2517 3332 servare

734 3409 993 3472 eogenS,
1013 3383 1462 3450 tantummodo
1489 3384 1724 3448 certius
1752 3380 2212 3466 ignobiliusque
2245 3379 2519 3444 exitium

735 3500 884 3564 viris
913 3499 1174 3560 fortibus
1204 3497 1440 3560 attulit.

804 3663 822 3698 ι
860 3655 1118 3702 ὒζιιηῶὥω
1141 3655 1378 3715 plumbeis.
1441 3655 1518 3718 By
1537 3655 1673 3702 these
1703 3669 1785 3700 are
1808 3655 2007 3700 meant‘
2010 3649 2257 3706 ‘f’bullets
2282 3646 2333 3693 in
2364 3645 2525 3694 which

740 3745 886 3786 sense
905 3730 986 3782 the
1004 3727 1167 3780 words
1185 3728 1284 3777 will
1301 3729 1362 3778 be
1380 3729 1635 3792 uniformly
1654 3728 1805 3778 taken
1822 3725 2116 3789 throughout
2132 3721 2211 3771 the
2229 3717 2382 3769 work.
