3300 4634
1179 1083 2003 1162 PROOEMIUM.
2108 1033 2117 1045 ⁶

799 1514 1048 1577 Purus
1080 1513 1310 1577 Patriae
1334 1513 1558 1590 vitam,
1582 1533 1762 1595 opuS,
1789 1511 1925 1574 sive
1956 1509 2038 1573 ad
2062 1509 2177 1571 viri
2198 1509 2483 1583 virtuteS,

709 1637 844 1723 sive
891 1635 973 1700 ad
1002 1637 1336 1720 praeclaras
1366 1656 1463 1698 res
1496 1637 1577 1697 ab
1605 1635 1716 1698 illo
1748 1647 1813 1698 et
1844 1637 2127 1719 inceptas
2157 1644 2221 1696 et
2250 1634 2487 1717 perfec-

711 1769 809 1824 tas
839 1772 1225 1846 spectemuS,
1256 1761 1430 1824 omni
1463 1763 1620 1824 curav
1648 1735 1950 1842 omnique
1980 1759 2320 1841 diligentia
2348 1757 2488 1840 dig-

713 1884 1076 1962 nissimum,
1109 1906 1396 1949 sermone
1433 1885 1683 1962 Latin0,
1716 1885 1937 1968 procul
1968 1883 2231 1967 quidem
2277 1883 2491 1946 Roma

713 2019 778 2071 et
822 2010 1138 2073 Romuleo
1181 2011 1474 2088 flumine,
1510 2012 1775 2093 ignotus
1819 2032 2084 2074 exarare
2130 2009 2487 2092 aggredior.

715 2133 952 2228 Nullus
997 2145 1220 2196 autem
1267 2135 1488 2198 dubito
1531 2136 1690 2216 quin
1734 2135 2079 2218 permultos
2120 2133 2491 2207 invenerim,

717 2256 828 2338 qui
858 2277 1064 2338 genus
1092 2257 1214 2319 hoc
1247 2258 1556 2321 scribendi
1585 2262 1823 2321 natura
1852 2260 1975 2321 sust
1998 2257 2191 2320 nimis
2222 2256 2495 2319 inusita-

719 2390 1171 2462 tum,.meque,
1205 2380 1374 2460 quod
1421 2380 1504 2442 ad
1532 2381 1762 2443 veteris
1807 2379 1977 2442 Latii
2014 2399 2301 2441 normam
2350 2371 2497 2439 atti-

719 2513 892 2578 neat,
936 2503 1126 2585 plane
1169 2501 1481 2584 hospitem
1513 2521 1649 2562 esse
1694 2500 2063 2583 judicarint.
2155 2501 2499 2582 Utcunque

721 2627 858 2706 erit,
899 2626 1152 2708 juvabit
1199 2637 1418 2712 tamen
1459 2628 1709 2688 famam
1737 2626 1873 2703 viri,
1908 2626 2197 2689 omnium
2240 2625 2500 2688 saeculo-

722 2771 866 2814 rum
898 2751 1086 2813 facile
1117 2750 1433 2834 principie,
1456 2773 1564 2835 pro
1587 2751 1752 2814 virili
1774 2761 1951 2834 parte
1978 2771 2083 2812 me
2112 2752 2322 2834 ipsum
2354 2771 2501 2813 con-

722 2895 1021 2950 secrasse,
1055 2876 1352 2956 factaque
1398 2876 1536 2957 ejus
1567 2875 1995 2958 pulcherrima
2026 2876 2339 2936 memoriae
2377 2885 2503 2935 tra-

726 2998 958 3080 didisse
987 2998 1226 3061 Latina
1255 2999 1731 3062 immortalitate
1754 2999 2011 3062 donata.
2091 2998 2287 3081 Apud
2314 3017 2503 3078 quos-

728 3142 982 3204 cunque
1011 3132 1230 3183 autem
1260 3121 1503 3185 labores
1534 3125 1730 3186 nostri
1762 3123 2280 3186 benevolentiam
2312 3132 2504 3203 atque

727 3249 1009 3309 favorem
1071 3246 1476 3329 sibimetipsis
1532 3248 1893 3323 concilient,
1948 3247 2353 3311 meminerint
2410 3247 2503 3308 illi

731 3391 928 3452 quam
953 3372 1036 3434 sit
1060 3372 1222 3434 inter
1247 3371 1623 3434 difficillima
1650 3393 1749 3433 res
1770 3391 1969 3433 novas
1990 3382 2219 3433 ornatu
2242 3371 2507 3453 antiquo

731 3498 982 3571 vestire,
1005 3507 1086 3572 et,
1107 3498 1160 3559 si
1183 3499 1251 3560 in
1273 3498 1494 3580 aliqua
1514 3509 1689 3582 parte
1713 3498 2061 3559 titubantes
2083 3496 2506 3576 inveniamur,

737 3638 918 3699 oequo
966 3617 1057 3677 illi
1105 3623 1462 3702 acceperint
1515 3623 1731 3685 animo
1782 3631 1975 3704 atque
2016 3620 2199 3684 errori
2249 3617 2505 3681 veniam

740 3739 1181 3810 concesserint.
1211 3817 1220 3826 ·
