3300 4634
1267 486 1775 530 wammam-orm
1822 475 1999 530 vr'rA.
2422 465 2517 529 ‘31

743 647 982 690 munus
1047 625 1195 691 laete
1256 638 1615 710 acceptum,
1671 625 2325 710 Washingtoniustfue
2382 647 2525 690 sese

743 737 1150 799 Alexandriae
1201 737 1597 800 Braddockio
1645 740 1918 817 ascivit;
1982 751 2049 801 et
2092 738 2175 800 ad
2220 759 2527 820 aggerem

744 850 966 930 postea
1029 847 1459 910 cumberland
1518 859 1987 932 nuncupatum,
2052 850 2283 914 comite
2341 849 2525 927 duce,

743 959 1062 1042 processit.

833 1071 983 1149 Hic,
995 1091 1318 1154 equorum,
1336 1072 1779 1156 plaustrorum,
1794 1073 2297 1156 cibariorumque
2316 1074 2529 1158 inopia

742 1181 988 1246 dierum
1009 1183 1349 1248 duodecim
1369 1204 1681 1247 remoram
1702 1185 2009 1248 exercitui
2028 1185 2265 1269 injecit.
2313 1187 2529 1268 Equo-

739 1315 888 1357 rum
932 1295 1398 1359 clitellariorum
1454 1316 1645 1359 usum
1692 1301 1804 1380 'pro
1848 1297 2165 1380 plaustris,
2214 1297 2299 1362 ad
2348 1316 2530 1360 exer-

743 1406 908 1472 citus
955 1406 1413 1489 impedimenta
1441 1409 1835 1485 vehendum,
1860 1410 1998 1491 jam
2028 1409 2175 1470 inde
2209 1411 2291 1470 ab
2328 1408 2529 1484 initio,

741 1516 1281 1599 Washingtonius
1334 1518 1553 1580 suasit.
1651 1518 1915 1580 Consilii
1966 1518 2237 1601 hujusce
2290 1517 2533 1580 utilitas

743 1629 872 1693 cito
917 1627 1141 1706 eluxit,
1173 1629 1438 1712 ideoque
1463 1629 1740 1694 mutatio
1764 1650 2003 1712 magna
2043 1631 2236 1692 facta.
2329 1628 2533 1692 Exer-

743 1741 908 1805 citus
954 1761 1084 1804 non
1122 1741 1376 1824 longius
1423 1741 1604 1804 denis
1634 1762 1944 1826 passuum
1987 1740 2271 1805 millibus
2301 1743 2346 1806 a
2390 1759 2531 1825 pro-

742 1853 1112 1938 pugnaculo
1161 1852 1596 1916 cumberland
1645 1865 2051 1935 processerat,
2102 1875 2251 1918 cum
2298 1853 2531 1917 Wash-

741 1965 1104 2047 ingtonium
1133 1965 1322 2028 febris
1353 1965 1767 2028 vehementer
1798 1964 2005 2046 gravis
2035 1964 2326 2047 corripuit
2356 1986 2371 2028 τ
2420 1965 2531 2048 qui

738 2088 964 2140 tamen
994 2076 1168 2160 apud
1197 2077 1552 2139 exercitum
1579 2076 1839 2151 mansit,
1870 2075 2169 2139 vehiculo
2203 2086 2531 2152 convecto,

743 2188 1046 2271 quoniam
1067 2208 1229 2268 equo
1249 2186 1538 2262 insidere,
1552 2207 1675 2267 prae
1698 2184 2041 2262 debilitate,
2062 2185 2245 2247 haud
2263 2195 2528 2268 poterat.
2610 2259 2619 2268 .

743 2299 996 2364 Ducem
1025 2298 1343 2372 monebat,
1364 2306 1440 2357 ut
1466 2306 1925 2358 tormentorum
1947 2295 2315 2360 bellicorum
2336 2317 2533 2380 appa-

747 2419 978 2483 ratum,
1001 2427 1122 2469 nec
1153 2427 1284 2468 non
1313 2405 1768 2488 impedimenta
1792 2406 2191 2486 relinqueret,
2214 2427 2535 2488 quamque

747 2516 1051 2582 maximis
1095 2514 1427 2577 itineribus
1455 2513 1541 2576 ad
1571 2534 1881 2595 aggerem
1915 2513 2349 2577 cumberland
2384 2537 2536 2578 con-

751 2628 1060 2706 tenderet,
1089 2648 1238 2690 cum
1269 2626 1462 2710 copiis
1487 2623 1811 2688 nonnullis
1832 2624 2114 2703 delectis,
2136 2645 2327 2710 parvo
2357 2647 2536 2691 com-

747 2751 990 2817 meatu,
1022 2741 1301 2823 levisque
1333 2748 1672 2803 armaturae
1704 2737 2037 2822 peditibus.

745 2895 748 2900 -
835 2854 996 2937 Spes
1043 2873 1288 2934 magna
1335 2852 1688 2913 exercitum
1734 2852 2014 2926 tenebat,
2044 2870 2285 2933 magno
2314 2853 2536 2916 itinere

749 2961 1074 3040 confect0,'
1090 2964 1644 3046 propugnaculum
1675 2963 2043 3044 Duquesne,
2076 2961 2361 3044 praesidio
2392 2982 2539 3044 par-

751 3095 834 3138 vo
861 3076 1208 3151 firmatum,
1241 3074 1501 3158 opprimi
1536 3096 1739 3158 posse,
1773 3084 2123 3156 antequam
2154 3073 2395 3136 auxilia
2426 3093 2540 3136 ex·

753 3197 1009 3271 pectata
1037 3186 1470 3270 pervenirent3
1507 3186 1864 3249 Consilium
1894 3185 2068 3248 istud
2100 3183 2540 3248 Braddockius

753 3299 1074 3382 probabat,
1103 3299 1476 3380 minoraque
1518 3297 1603 3359 ad
1645 3299 1855 3380 prata¹
1886 3295 2223 3358 consilium
2266 3295 2541 3357 militare

755 3410 1146 3486 convocavit,
1176 3431 1302 3492 quo
1333 3410 1401 3472 in
1431 3409 1699 3472 consilio
1728 3407 2075 3483 decretum,
2098 3406 2541 3490 imperatorem

752 3541 906 3585 cum
933 3520 1106 3580 mille
1131 3521 1424 3584 ducentis
1451 3521 1636 3584 lectis
1661 3521 1963 3583 militibus
1986 3519 2103 3581 iter
2124 3521 2331 3581 facere
2360 3536 2542 3598 opor·

820 3683 841 3717 ι
872 3675 1152 3733 minoraque
1183 3677 1242 3720 ad
1267 3681 1415 3736 prata.
1479 3677 1636 3724 “The
1666 3675 1785 3725 little
1816 3675 2109 3734 meadows,”
2138 3680 2189 3721 to
2221 3666 2545 3718 discriminato

756 3754 891 3805 them
909 3749 1029 3801 from
1048 3747 1129 3798 the
1147 3756 1284 3813 great
1301 3751 1562 3813 meadows,
1577 3751 1853 3801 mentioned
1872 3751 2047 3800 before.
