3300 4634
1220 594 1726 641 wisirmar-omi
1774 592 1951 639 viu.
2393 572 2470 639 81

781 746 829 779 “
858 740 927 804 Si
976 740 1059 802 ad
1094 749 1302 823 partes
1332 739 1821 820 Pennsylvanioe
1857 747 2174 803 extremas
2219 732 2477 805 receda-

694 870 865 930 mus,
880 871 1041 915 num
1056 852 1536 933 Pennsylvanos
1557 851 1737 913 nobis
1755 848 2172 933 opitulaturos
2191 846 2392 911 credis
2409 844 2476 910 ‘3⁹’

698 964 828 1027 Cui
847 963 1113 1047 legionis
1143 964 1432 1027 tribunus
1464 962 1643 1026 Reed
1664 961 2054 1046 respondisse
2075 963 2272 1023 fertur
2299 980 2316 1022 z
2368 958 2475 1021 “si

696 1075 1041 1138 comitatus
1084 1076 1431 1139 inferiores²
1472 1075 1720 1138 subacti
1753 1096 1830 1137 ac
1857 1073 2060 1136 dediti
2089 1072 2344 1148 fuerint,
2369 1091 2475 1133 co·

696 1186 961 1249 mitatus
982 1186 1087 1249 alii
1108 1187 1175 1249 in
1196 1187 1482 1249 hostium
1496 1186 1804 1247 ditionem
1819 1183 2242 1267 pervenient.'-’
2281 1182 2482 1251 Tunc,

694 1298 1259 1380 Washingtonium
1282 1297 1519 1359 dixisse
1540 1299 1788 1360 ferunt:
1821 1302 1862 1333 ‘⁶
1887 1296 1994 1359 Ad
2011 1292 2314 1377 Virginiae
2335 1312 2477 1377 par-

692 1420 789 1471 tes
812 1420 1139 1470 extremas
1160 1410 1339 1471 nobis
1358 1408 1791 1471 recedendum
1818 1418 1915 1469 est
1941 1430 1958 1483 ;
1991 1407 2206 1481 multi,
2231 1405 2316 1467 ad
2338 1426 2476 1481 nos,

693 1518 926 1582 salutis
978 1522 1199 1595 causa,
1246 1520 1587 1599 confugere
1638 1510 1965 1597 cogentur,
1997 1524 2081 1589 et,
2113 1514 2270 1593 quid
2315 1513 2480 1579 bello

695 1628 1065 1716 praedatorio
1104 1629 1235 1691 fieri
1265 1628 1476 1711 possit,
1508 1622 1992 1710 periclitandum
2017 1644 2032 1699 3
2083 1624 2178 1683 at*
2207 1622 2262 1684 si
2300 1623 2482 1686 nobis

694 1744 957 1805 fortuna
986 1739 1300 1816 inviderit,
1328 1748 1577 1801 montes
1601 1734 2136 1818 Alleghanienses
2167 1718 2480 1819 postremo

698 1852 1103 1937 superandi.”

791 1964 932 2027 Hoc
972 1964 1040 2027 in
1084 1974 1365 2049 receptu,
1399 1964 1724 2047 equitatus
1764 1974 1828 2027 et
1873 1974 2188 2028 tormenta
2235 1964 2481 2049 majora

705 2076 1196 2160 uniuscujusque
1218 2078 1349 2140 fere
1381 2076 1649 2158 generis,
1674 2076 2172 2159 Washingtonio
2195 2076 2476 2142 defuere.

701 2188 951 2252 Paucos
995 2188 1165 2249 intra
1195 2187 1351 2263 dies,
1384 2198 1521 2271 post
1550 2188 2098 2270 propugnaculum
2130 2188 2484 2269 Washing-

700 2300 947 2362 tonium
966 2287 1435 2383 expugnatum,
1451 2297 1679 2382 pedem
1690 2298 1900 2360 referre
1913 2308 2238 2381 coeperunt
2258 2298 2484 2361 Amer-

699 2410 891 2474 icani.
987 2410 1333 2494 Copiarum
1354 2408 1787 2472 recedentium
1813 2430 1958 2492 pars
1983 2430 2246 2490 magna,
2271 2410 2348 2472 de
2372 2412 2482 2488 εἰς,

700 2523 811 2605 qui
856 2520 1412 2605 propugnaculum
1455 2520 1577 2580 hoc
1608 2519 1970 2593 tuebantur,
2005 2519 2301 2580 conflata.
2369 2520 2486 2582 ·Hi

705 2654 789 2696 ex
820 2652 1055 2715 aggere
1087 2630 1205 2693 isto
1237 2640 1372 2691 tam
1402 2628 1614 2691 subito
1646 2624 1875 2711 pedem
1906 2628 2129 2689 referre
2172 2607 2486 2710 cogeban-

706 2757 831 2823 tur,
865 2756 938 2807 ut
968 2743 1260 2821 tentoria,
1286 2740 1543 2819 lodices,
1570 2751 1634 2802 et
1666 2738 2028 2825 coquinaria
2056 2758 2232 2821 vasa,
2266 2760 2484 2807 neces..

706 2858 870 2922 sario
902 2857 1284 2941 reliquerint.

798 2970 896 3033 lta
928 2970 1174 3045 armati,
1200 2980 1263 3031 et
1288 2970 1519 3045 vestiti,
1544 2976 1978 3053 saepenumero
2008 2968 2206 3032 etiam
2225 2971 2487 3053 pedibus

708 3080 899 3144 nudis
958 3078 1342 3156 incedentes,
1397 3080 1660 3143 ineunte
1713 3081 1949 3157 hieme,
2005 3100 2116 3164 per
2175 3081 2486 3169 regioneS,

710 3192 1047 3257 deditionis
1104 3211 1299 3275 quam
1357 3192 1619 3256 renixsss
1677 3193 1850 3255 fortis
1912 3192 2314 3271 amantiores,
2370 3193 2490 3257 iter

711 3308 936 3369 fecere.
1032 3304 1155 3368 His
1209 3302 1630 3366 incommodis
1691 3302 2089 3380 circumdati,
2135 3278 2491 3387 nonaginta

714 3419 1083 3482 milliarium
1103 3418 1221 3481 iter
1234 3420 1540 3492 fecerunt,
1557 3436 1756 3497 eoque
1773 3415 1837 3477 in
1854 3414 2058 3499 spatio
2075 3390 2490 3505 conficiendo,

716 3529 850 3591 dies
892 3528 1295 3613 undeviginti
1340 3530 1838 3611 insumpserunt,
1869 3538 1942 3589 ut
1971 3528 2229 3591 auxiliis
2266 3549 2494 3613 expec-

718 3641 871 3701 tatis
937 3642 1231 3723 temporis
1290 3642 1443 3703 satis
1504 3640 1587 3703 ad
1645 3640 2152 3705 conveniendum
2212 3639 2490 3702 daretur.

1022 3812 1041 3849 1
1081 3808 1330 3855 Comitatus
1348 3808 1601 3869 iver-iores,
1623 3809 1748 3860 “the
1766 3809 1916 3857 lower
1937 3803 2198 3854 countiesfi

1026 3891 1051 3928 2
1078 3883 1159 3944 at,
1184 3884 1288 3945 &eq
1305 3884 1337 3909 “
1349 3883 1435 3930 but
1454 3881 1495 3929 if
1518 3881 1706 3931 fortune
1727 3882 1852 3930 shall
1871 3894 1998 3941 envy
2015 3880 2121 3926 us.'’
