3300 4634
1245 489 1331 554 26
1772 503 2278 549 wisuram-ortu
2327 504 2507 549 πυ.

1335 649 1473 715 Sub
1491 644 1686 734 patris
1709 648 1918 713 tutela
1936 648 2105 711 altus
2134 647 2567 730 eruditusque,
2586 654 2804 708 utrum
2832 643 3038 709 literis

1248 759 1488 826 Graecis
1531 770 1721 842 atque
1767 760 2077 824 Romanis
2122 760 2412 822 animum
2458 779 2651 821 suum
2678 757 3037 841 Washing-

1246 873 1460 935 tonius
1505 870 1820 957 appulerit
1849 892 2077 956 parum
2107 871 2555 955 comperimus,
2584 891 2853 953 eamque
2896 890 3035 932 rem

1246 983 1443 1068 igitur
1485 984 1556 1047 in
1607 983 1819 1047 medio
1865 983 2314 1066 relinquemus.
2410 982 2762 1065 Cognitum
2810 992 3034 1045 tamen

1247 1107 1767 1181 perspectumque
1788 1096 2083 1173 habetur,
2103 1095 2399 1177 linguam
2420 1094 2859 1177 Anglicanam
2880 1113 3033 1156 eum

1247 1208 1503 1293 penitus
1534 1208 1849 1284 calluisse,
1882 1218 1946 1270 et
1976 1209 2044 1270 in
2073 1207 2352 1270 scientiis
2396 1206 2885 1283 mathematicis,
2916 1205 3035 1268 ali-

1246 1319 1427 1402 isque
1485 1317 1552 1383 id
1613 1339 1841 1402 genus,
1900 1317 2265 1383 doctissime
2320 1317 2635 1382 exstitisse
2690 1316 3032 1381 eruditum.

1245 1431 1580 1516 Perplures
1626 1453 1851 1508 annos,
1883 1442 2218 1517 postquam
2247 1431 2289 1493 a
2322 1441 2693 1515 preceptore
2728 1428 3037 1493 discesse-

1247 1554 1372 1620 rat,
1421 1543 1778 1608 doctrinam
1831 1545 1915 1606 ab
1963 1544 2074 1607 illo
2124 1552 2462 1625 acceptam
2510 1541 2791 1604 multum
2844 1553 3037 1625 atque

1249 1642 1478 1716 'sedulo
1506 1655 1733 1730 auxit3
1778 1665 1845 1715 et
1887 1665 2064 1714 terroe
2108 1653 2414 1715 mensoris
2458 1672 2744 1730 munere,
2775 1656 3037 1716 summa

1255 1784 1409 1828 cum
1453 1763 1645 1826 laude
1678 1763 2036 1847 peritiaeque
2066 1764 2263 1841 fama,
2294 1765 2664 1848 perfunctus
2705 1775 2822 1827 est.
2914 1766 3038 1829 Pa-

1255 1887 1351 1939 tre
1373 1886 1639 1952 mortuo,
1664 1895 1819 1938 cura
1837 1875 2203 1960 patrimonii
2223 1876 2570 1939 Laurentio
2587 1877 2764 1939 fratri
2787 1876 3034 1954 tradita,

1257 1988 1386 2072 qui,
1402 1986 1765 2051 valetudine
1786 2008 2012 2072 parum
2031 1989 2217 2051 firma
2237 1988 2606 2071 aliquandiu
2625 2009 2800 2066 usus,
2814 1990 3035 2066 vitam,

1257 2099 1747 2184 ingravescente
1776 2101 2013 2177 morbo,
2042 2100 2389 2163 immatura
2416 2111 2617 2164 morte
2645 2102 2869 2165 finivit.

1346 2214 1498 2277 Post
1537 2214 1745 2276 fratris
1787 2213 2032 2276 obitum
2061 2212 2374 2297 stipendia
2417 2214 2663 2291 mereri,
2691 2212 3037 2278 admodum

1262 2323 1544 2410 juvenis,
1565 2325 1952 2408 vigesimum
1980 2343 2184 2409 agens
2213 2344 2478 2404 annum,
2499 2326 2865 2409 militiisque
2896 2348 3038 2392 mu·

1255 2458 1413 2503 nera
1443 2439 1755 2503 sustinere
1786 2440 2028 2524 incepit
2053 2463 2069 2514 ;
2116 2450 2183 2502 et
2205 2439 2506 2503 virtutem
2536 2439 2859 2522 animique
2879 2441 3038 2503 vires

1254 2551 1627 2615 ostendendi
1660 2553 2063 2616 occasionem
2092 2551 2275 2615 haud
2301 2551 2494 2634 longo
2513 2551 2845 2615 intervallo
2869 2551 3039 2615 oblan

1257 2672 1398 2724 tam
1428 2662 1702 2744 impigre
1730 2673 1922 2744 atque
1950 2662 2370 2726 libentissime
2395 2663 2672 2748 arripuit.
2767 2658 3039 2727 Inimici·

1257 2771 1362 2834 tiae
1394 2772 1632 2836 Gallici
1661 2783 1726 2835 et
1754 2773 2106 2837 Britannici
2151 2774 2318 2858 regis
2346 2776 2415 2837 in
2438 2775 2606 2837 bella
2634 2786 2854 2860 aperta
2899 2787 3040 2839 tan·

1256 2893 1401 2946 tum
1421 2904 1549 2948 non
1572 2896 1927 2970 eruperant.
2021 2886 2085 2950 A
2107 2886 2332 2964 Gallis,
2356 2887 2679 2970 regionem
2702 2887 3041 2951 Canaden-

1255 3015 1393 3070 sem
1433 2997 1873 3075 incolentibus,
1920 2998 1988 3061 in
2037 3018 2225 3080 agros
2274 2998 2637 3062 colonorum
2681 3000 3039 3083 Anglorum

1257 3107 1654 3170 incursiones
1674 3109 2058 3170 creberrimae
2074 3109 2436 3172 ferebantur
2456 3132 2593 3173 esse
2618 3112 2818 3174 factoe.
2914 3112 3042 3175 Im-

1259 3216 1457 3300 peria,
1477 3216 1806 3297 mandata,
1828 3229 1895 3282 et
1916 3221 2214 3305 rescripta
2234 3223 2315 3284 ab
2335 3222 2583 3305 Anglia
2601 3234 2867 3308 accepta
2891 3234 3043 3286 sunt

1264 3328 1311 3392 a
1328 3332 1612 3410 proefecto
1634 3327 2019 3416 consilioque
2050 3333 2300 3418 publico
2317 3334 2638 3417 Virginioe,
2657 3336 2754 3398 uti
2781 3334 3043 3418 injurias

1265 3440 1463 3502 hasce
1491 3443 1555 3505 vi
1585 3455 1650 3506 et
1690 3447 1884 3507 armis
1928 3445 2387 3529 propulsarent.
2480 3447 2879 3511 Gubernator
2908 3446 3042 3508 Vir-

1267 3551 1587 3636 giniensis,
1620 3554 1979 3621 Dinwiddie
2025 3557 2279 3619 nomine
2318 3558 2628 3640 gaudens,
2660 3580 2861 3642 quum
2905 3559 3040 3622 haec

1265 3663 1573 3730 mandata
1587 3668 1949 3749 accepisset,
1956 3669 2259 3752 juvenem
2271 3670 2837 3754 Washingtonium
2850 3692 3042 3753 quam

1270 3777 1588 3841 celerrime
1635 3775 1895 3858 dimisit,
1925 3792 1999 3845 ut
2043 3783 2217 3846 facta
2260 3783 2637 3869 exploraret,
2669 3805 2822 3850 cum
2870 3782 3041 3850 Indis
