3300 4634
1453 503 1806 548 Arx-nunu.
2389 480 2519 546 21⁷

739 647 1069 730 quamque
1092 644 1369 712 multum
1398 646 1712 728 temporis,
1740 645 1806 708 in
1829 664 2048 707 earum
2075 640 2288 708 studio
2306 661 2518 727 prose-

738 756 1018 840 quendo,
1049 757 1406 820 necessario
1451 755 1911 819 insumendum
1955 755 2058 832 sit,
2093 765 2176 832 et,
2223 753 2518 835 denique,

736 871 939 950 quam
971 869 1158 951 pauci
1186 867 1261 930 de
1291 868 1664 950 linguarum
1693 888 1920 930 earum
1943 866 2342 944 doctoribus·
2366 867 2518 932 verb

740 978 973 1041 eruditi
1003 989 1067 1040 et
1097 977 1386 1042 doctrina
1416 979 1658 1043 exculti
1687 980 1834 1057 sint,
1865 981 2036 1044 certe
2070 978 2352 1061 scriptori
2381 975 2520 1042 cul-

738 1108 918 1172 pam,
948 1089 1001 1150 si
1028 1109 1157 1171 qua
1200 1090 1303 1168 sit,
1329 1090 1684 1155 condonare
1715 1100 1780 1152 et
1807 1089 2130 1172 ignoscere
2159 1089 2338 1152 haud
2377 1109 2520 1171 gra-

740 1201 1077 1264 vabuntur.

830 1313 1281 1378 Americanos⁸
1324 1313 1567 1396 ingenii
1628 1313 1870 1376 affatim
1924 1311 2012 1378 ad
2063 1311 2356 1396 quamvis
2399 1311 2520 1376 lin-

745 1445 949 1506 guam
978 1447 1095 1488 seu
1124 1427 1458 1490 scientiam
1483 1426 1718 1510 optime
1751 1425 2236 1508 intelligendam
2265 1425 2518 1501 habere,

743 1537 964 1618 negari
1009 1540 1250 1621 nequit.
1344 1539 1676 1615 Attamen,
1729 1539 1838 1620 qui
1883 1539 2142 1620 linguas
2197 1557 2306 1598 eas
2347 1537 2520 1600 recte

744 1647 1035 1726 doceant,
1067 1652 1197 1714 fere
1230 1651 1462 1732 ubique
1487 1651 1626 1734 jam
1660 1650 1892 1713 desunt
1914 1654 1964 1728 3⁸
2017 1671 2134 1713 nec
2173 1648 2522 1732 gymnasiis

742 1760 998 1842 quidem
1026 1763 1274 1838 nostrin,
1298 1773 1415 1824 aut
1445 1762 1752 1844 collegiis,
1778 1761 1891 1824 viri
1915 1781 2161 1844 semper
2190 1760 2522 1824 invenian-

744 1881 866 1948 tur,
896 1873 1007 1954 qui
1053 1871 1130 1934 de
1164 1873 1403 1935 Graecis
1436 1882 1501 1934 et
1532 1872 1840 1936 Romanis
1873 1872 2068 1935 literis
2095 1874 2262 1935 bene
2309 1871 2522 1934 meriti

745 1983 888 2048 sint.
980 1983 1219 2060 PlureS,
1251 1995 1492 2061 autem,
1525 2005 1745 2062 annos,
1777 1984 2036 2066 linguas
2067 2006 2180 2047 eas
2210 1984 2366 2048 alios
2411 1982 2524 2048 do-

746 2094 990 2170 eend0,⁴
1024 2096 1354 2180 insumpsi,
1387 2097 1660 2160 aliorum
1691 2097 1958 2181 vestigiis
1979 2097 2239 2161 omnino
2269 2097 2520 2172 nitens;

747 2215 817 2265 at
863 2205 1043 2281 mihi,
1088 2206 1292 2269 multa
1336 2207 1445 2270 din
1474 2207 1777 2284 volventi,
1817 2206 2293 2288 doctorumque³
2340 2205 2525 2268 insci-

746 2313 909 2376 tiam
953 2336 1207 2379 mecum
1250 2319 1527 2396 miranti,
1559 2319 1718 2383 forte
1760 2317 1969 2380 lubuit
2005 2316 2350 2393 attendere,
2381 2336 2528 2398 quae·

748 2409 1012 2492 tandem
1062 2429 1385 2493 infortunii
1439 2431 1603 2493 tanti
1657 2449 1854 2504 causa
1907 2440 2090 2492 esset.
2188 2430 2524 2504 Quocirca,

748 2539 904 2620 quid
949 2560 1075 2602 usu
1121 2541 1466 2620 didicerim,
1514 2542 1792 2624 quidque
1843 2541 2112 2606 aliorum
2157 2538 2236 2601 de
2282 2539 2528 2603 ratione

748 2652 1066 2729 sentirem,
1122 2654 1392 2716 breviter
1446 2674 1784 2738 exponere,
1829 2653 2098 2716 strictim
2153 2662 2219 2714 et
2271 2649 2530 2734 singula

748 2781 1020 2844 quaeque
1062 2766 1326 2848 carptim
1374 2767 1728 2850 attingenS,
1769 2766 1832 2829 in
1880 2764 2234 2850 praesentia,
2281 2781 2529 2828 nosme-

750 2873 943 2957 tipsos
975 2876 1409 2956 accingamus.

835 2985 1261 3062 Linguarum,
1294 2984 1486 3061 enim,
1520 3005 1768 3063 earum,
1803 2986 1881 3048 de
1911 2987 2141 3067 quibus
2174 3006 2350 3048 nunc
2391 2984 2531 3066 agi-

818 3243 837 3276 ι
870 3232 1160 3292 Doceat-aus,
1184 3234 1284 3294 40„
1307 3235 1337 3260 ‘⁸
1350 3232 1432 3281 the
1451 3234 1668 3283 machere
1688 3234 1744 3283 of
1767 3235 1903 3284 those
1923 3233 2234 3302 languages.”

819 3320 843 3354 ι
872 3311 1186 3370 Ammonos,
1225 3313 1327 3370 ᾦα,
1362 3311 1393 3338 ‘⁸
1404 3309 1441 3358 it
1473 3317 1649 3360 cannot
1681 3312 1741 3360 be
1775 3309 1964 3372 denied,
1999 3312 2101 3361 mat
2133 3311 2214 3360 the
2246 3311 2536 3366 Ameriam

756 3403 951 3452 possess
984 3386 1176 3450 enough
1195 3385 1253 3436 os
1272 3385 1457 3452 genius,
1478 3393 1530 3438 to
1560 3387 1874 3450 understand,
1895 3404 2011 3454 very
2030 3388 2155 3450 well,
2175 3403 2274 3454 any
2292 3389 2538 3458 lnnguaga

758 3479 813 3512 or
832 3462 1066 3512 seienee.”

822 3548 844 3582 ⁸
865 3541 1059 3600 Desunt,
1084 3543 1182 3602 gra,
1207 3540 1423 3603 (scilicet,
1445 3543 1684 3606 homines)
1709 3544 1842 3592 “but
1858 3550 1941 3608 yet
1963 3544 2110 3607 (mm)
2143 3559 2224 3594 are
2241 3559 2354 3593 now
2381 3546 2535 3590 want-

760 3614 858 3680 ing,
879 3616 1053 3664 almost
1072 3618 1386 3682 everywhere,
1401 3620 1509 3670 who
1528 3637 1621 3670 can
1641 3619 1782 3670 teach
1801 3621 1936 3672 those
1955 3621 2222 3685 languages
2241 3615 2515 3680 correctly·”

825 3700 847 3734 4
869 3694 1095 3753 Docmdo,
1115 3696 1197 3754 ⁴9⁰·
1219 3693 1309 3742 “in
1329 3696 1550 3760 teaching
1566 3699 1727 3746 others
1746 3698 1883 3747 those
1901 3696 2215 3760 languages.”

825 3777 848 3811 ⁸
869 3770 1129 3830 Doctorum,
1152 3772 1182 3798 ‘⁸
1196 3769 1252 3819 os
1262 3770 1477 3818 teachers
1492 3776 1541 3834 ;‘’
1572 3771 1693 3820 from
1713 3776 1877 3833 doctor,
1898 3787 1929 3819 a
1948 3769 2150 3819 toacher.

1658 3857 1688 3897 S
