3300 4634
843 530 965 592 166
1358 545 1866 592 wamma-romi
1915 546 2090 590 vin.

839 691 1183 752 conabatur
1210 711 1229 766 3
1276 689 1355 754 de
1386 692 1820 755 controversiis
1851 690 2132 755 Galliam
2163 689 2324 752 inter
2349 701 2414 752 et
2455 687 2610 752 civi-

838 810 1001 862 tates
1032 801 1373 865 foederatas
1402 804 1491 866 sic
1522 804 1778 866 locutus
1807 823 1943 866 esse
1973 804 2209 866 fertur:

927 917 968 948 “
989 912 1310 974 Tametsi¹
1340 914 1515 974 mala
1544 914 1752 975 multa
1779 925 1846 976 et
1869 917 2112 996 gravia,
2139 935 2282 996 quoe
2303 936 2422 978 nos
2449 914 2614 976 inter

836 1033 901 1084 et
946 1024 1233 1086 nationes
1278 1035 1525 1086 exteras
1564 1024 1930 1100 extiterunt,
1955 1024 2098 1105 jam
2125 1026 2390 1089 omnino
2429 1045 2615 1110 supc-

836 1146 975 1200 rata
1019 1145 1083 1197 et
1126 1136 1439 1217 praeterita
1480 1136 1625 1210 sint,
1659 1155 1934 1209 summo,
1981 1145 2221 1210 tamen,
2251 1135 2464 1198 dolore
2509 1155 2616 1197 me
2725 1155 2731 1158 ·

838 1247 1047 1321 afficit,
1075 1267 1189 1308 vos
1220 1247 1511 1307 certiores
1540 1244 1814 1307 faciendi
1843 1235 2370 1307 necessitudinem
2399 1246 2618 1326 ingra-

836 1368 973 1420 tam
1018 1357 1177 1420 mihi
1221 1357 1579 1440 impositam
1619 1376 1778 1433 esse,
1813 1355 2266 1439 rempublicam
2296 1355 2617 1419 Gallicam

836 1489 1037 1532 naves
1082 1480 1347 1544 nostras,
1378 1469 1447 1530 in
1480 1468 1667 1531 India
1695 1467 2094 1544 occidentali,
2125 1468 2390 1549 aliisque
2421 1466 2620 1550 pluri·

836 1581 960 1643 mis
1002 1581 1073 1642 in
1100 1580 1273 1656 lociS,
1306 1601 1551 1663 capere,
1582 1591 1647 1642 et
1677 1579 2120 1656 condemnare,
2151 1601 2280 1642 non
2309 1581 2494 1642 secus
2537 1599 2615 1640 ac

836 1691 889 1752 si
933 1690 1173 1752 bellum
1204 1691 1369 1754 duas
1415 1692 1575 1752 inter
1618 1703 1844 1772 gentes
1889 1703 2184 1773 geratur;
2233 1711 2464 1773 meque
2507 1711 2616 1754 ve-

834 1798 1167 1861 hementer
1211 1801 1405 1883 piget,
1441 1801 1619 1863 vobis
1663 1801 1888 1878 dicere,
1919 1802 2216 1883 legatum
2263 1803 2616 1879 Gallicum,

836 1912 943 1993 qui
974 1932 1151 1974 nunc
1182 1911 1355 1994 apud
1382 1933 1497 1974 nos
1526 1923 1830 1988 moratur,
1857 1933 1990 1989 nos,
2024 1914 2199 1976 haud
2227 1914 2318 1976 ita
2348 1914 2617 1997 pridem,

837 2023 1125 2085 certiores
1169 2023 1411 2098 fecisse,
1443 2023 1619 2085 mala
1663 2024 1806 2099 ista,
1841 2023 1918 2086 de
1965 2024 2193 2104 quibus
2234 2044 2412 2086 nunc
2459 2044 2620 2104 que-

835 2136 1054 2213 rimur,
1076 2135 1145 2198 in
1174 2137 1545 2219 posterum,⁵²
1572 2155 1702 2197 non
1731 2134 2050 2211 imminui,
2077 2133 2208 2211 scd,
2234 2144 2472 2210 contra,
2499 2155 2620 2196 au-

837 2249 987 2331 geri.
1080 2249 1321 2310 Pacem
1344 2246 1868 2329 concordiamque
1897 2267 2012 2310 nos
2041 2246 2208 2310 inter
2231 2258 2296 2309 ct
2325 2247 2618 2329 rempub-

836 2361 1031 2422 licam
1053 2360 1377 2423 Gallicam
1396 2379 1557 2436 esse,
1578 2362 1623 2422 a
1642 2379 1746 2420 me
1769 2379 2014 2442 semper
2033 2359 2158 2420 fuit
2181 2358 2614 2419 elaboratum:

835 2492 1065 2558 pacem
1106 2471 1399 2534 servandi
1443 2470 1744 2534 voluntas
1787 2471 2132 2534 imminuta
2175 2479 2418 2547 manet,
2449 2478 2620 2530 atta-

835 2606 1007 2661 men,
1040 2587 1237 2660 eam,⁸
1264 2583 1386 2645 nisi
1430 2581 1734 2646 dedecore
1775 2601 2050 2657 summu,
2087 2601 2456 2644 conservare
2503 2599 2618 2641 ne-

836 2695 1090 2776 quimus
1115 2714 1131 2753 :
1164 2712 1393 2772 neque,
1420 2703 1662 2768 tamen,
1691 2692 1931 2754 bellum
1954 2693 2134 2754 nobis
2165 2693 2386 2755 Gallos
2415 2691 2619 2754 indic-

834 2815 1031 2879 turos,
1062 2821 1294 2865 vereor.
1322 2789 1327 2800 ’
1390 2801 1695 2876 Damna,⁴
1729 2811 1794 2862 et
1825 2799 2150 2877 dedecora,
2184 2821 2316 2862 non
2345 2802 2614 2880 bellum,

835 2916 1015 2980 nobis
1044 2915 1293 2991 inferre,
1328 2913 1698 2995 exoptant.”

898 3132 914 3166 ι
954 3125 1170 3183 Tametsi,
1207 3125 1307 3183 ᾦα,
1336 3120 1610 3186 “although
1642 3121 1725 3170 the
1755 3136 1905 3186 many
1924 3120 2019 3169 and
2053 3119 2272 3184 grievous
2307 3121 2439 3183 evils,
2461 3120 2622 3172 which

834 3201 958 3250 have
988 3198 1170 3248 existed
1204 3200 1421 3247 between
1443 3213 1505 3246 us
1524 3198 1621 3246 and
1641 3197 1825 3262 foreign
1845 3196 2052 3258 nafions,
2075 3213 2155 3244 are
2187 3213 2298 3246 now
2319 3197 2497 3261 wholly
2515 3214 2619 3246 sur·-

834 3275 1081 3336 mounted,
1102 3274 1201 3323 and
1221 3275 1398 3338 passed
1419 3277 1499 3337 by,
1520 3277 1559 3323 it
1576 3274 1898 3324 nevertbeless
1919 3273 2086 3323 affects
2103 3289 2182 3322 me
2202 3272 2319 3321 with
2339 3274 2419 3322 the
2437 3279 2620 3322 utmoet

836 3350 966 3416 pain,
986 3351 1091 3400 that
1120 3351 1203 3399 the
1220 3351 1509 3414 unpleasant
1526 3351 1770 3416 necessity
1789 3350 1846 3400 of
1865 3350 2180 3415 acquainting
2197 3365 2308 3414 you,
2327 3349 2369 3397 is
2399 3349 2620 3414 imposed

836 3443 901 3475 on
933 3443 1025 3486 me,
1046 3428 1151 3475 that
1180 3427 1261 3474 the
1278 3427 1469 3476 French
1498 3429 1713 3492 republic
1735 3441 1820 3476 are
1849 3426 2020 3491 taking
2049 3426 2149 3476 and
2177 3425 2503 3492 condemning
2531 3441 2622 3476 our

836 3501 1018 3566 ships‚”
1040 3504 1127 3550 &a

896 3588 922 3624 2
953 3581 1209 3637 Postu-um,
1233 3578 1451 3639 (scilicet,
1472 3581 1687 3640 tempus)
1713 3579 1782 3628 for
1800 3579 1882 3627 the
1901 3578 2072 3628 future.

898 3666 921 3701 ι
950 3657 1086 3716 Eam,
1112 3653 1325 3716 (scilicet,
1344 3658 1539 3717 pacem)
1564 3657 1593 3682 “
1608 3654 1692 3714 it‚”
1711 3655 1814 3702 that
1831 3654 1888 3717 is,
1903 3671 2054 3718 peace.

898 3745 917 3778 4
955 3736 1154 3793 Douma,
1178 3735 1278 3793 ᾦα,
1300 3733 1331 3758 “
1343 3731 1455 3795 they
1478 3731 1583 3792 (the
1612 3731 1824 3794 French)
1851 3733 2034 3798 greatly
2053 3732 2204 3782 desire
2234 3739 2286 3782 to
2315 3733 2458 3798 bring
2483 3748 2616 3798 upon

837 3827 897 3861 us
916 3810 1069 3860 losses
1088 3809 1187 3860 and
1206 3808 1439 3875 disgrace,
1460 3809 1549 3859 but
1566 3815 1651 3858 not
1670 3815 1719 3857 to
1737 3807 1926 3858 declare
1949 3810 2105 3874 (open)
2131 3825 2232 3858 wat
2249 3825 2315 3859 on
2334 3813 2440 3860 tis-’⁹
2615 3861 2620 3864 .
