3300 4634
1193 475 1278 538 46
1710 481 2217 528 wasmnoromr
2262 481 2441 528 πυ.

1195 652 1363 698 cana
1411 629 1880 694 imminuantur
1904 627 2151 692 :—Sub
2194 625 2353 690 Julii
2398 623 2639 688 mensis
2688 623 2973 700 initium,

1195 740 1731 823 Washingtonius
1748 737 2229 821 cantabrigiam
2248 736 2423 820 apud
2442 737 2811 820 Novanglos
2830 757 2979 822 pro-r

1197 853 1404 916 fectus
1447 862 1566 929 est,
1611 863 1687 914 ut
1728 850 2041 914 exercitas
2078 849 2449 914 Americani
2492 849 2831 933 imperium
2858 869 2975 912 cap

1200 973 1491 1047 pesseret.

1291 1075 1570 1139 Consilia
1589 1075 1855 1138 Publica
1869 1073 2033 1138 Novi
2056 1073 2346 1150 Eboraci,
2368 1083 2435 1136 ct
2448 1073 2973 1150 Massachusctts,

1200 1185 1260 1248 ei
1282 1184 1362 1248 de
1387 1187 1646 1268 imperio
1670 1184 2172 1267 gratulabantur.
2267 1184 2441 1247 Cum
2462 1183 2545 1246 ad
2566 1192 2775 1246 castra
2801 1184 2977 1247 Can-

1201 1295 1608 1376 tabrigiensia
1651 1295 2058 1379 pervenisset,
2108 1313 2365 1357 summo
2418 1293 2672 1377 gaudio,
2724 1294 2979 1357 laetitia-

1201 1427 1348 1489 que,
1379 1409 1461 1470 ab
1489 1407 1773 1470 exercitu
1802 1415 2113 1490 receptus.
2210 1405 2443 1490 Copias
2483 1405 2691 1488 regias
2718 1405 2784 1468 in
2814 1405 2977 1468 colle

1199 1518 1526 1584 Bunkerio
1557 1518 1937 1596 consedisse,
1968 1518 2297 1600 tribusque
2338 1515 2836 1602 propugnaculis
2876 1516 2981 1577 in·

1199 1630 1571 1691 natantibus
1615 1630 1923 1704 munitas,
1952 1628 2267 1691 colonicas
2294 1649 2443 1692 vero
2472 1627 2735 1692 collibus
2779 1627 2981 1688 tribus

1202 1729 1454 1798 vallum
1509 1747 1945 1818 aggeremque
2004 1736 2390 1820 praeduxisse
2447 1739 2709 1802 invenit.
2804 1738 2979 1801 Cum

1206 1846 1396 1929 copiae
1443 1845 1736 1910 colonicae
1782 1847 1967 1908 solito
2014 1847 2375 1928 agrestique
2420 1849 2655 1911 vestitu
2702 1849 2785 1912 ad
2838 1869 2983 1912 cas·

1205 1966 1306 2018 tra
1348 1957 1781 2036 accessissent,
1814 1956 2151 2038 chlamyde
2180 1959 2505 2035 venatica,
2535 1959 2981 2039 aequabilitatis

1206 2070 1427 2145 causa,
1459 2087 1567 2129 eas
1595 2065 1779 2130 indui
1800 2066 2011 2150 jussit.
2101 2066 2627 2149 Washingtonius
2660 2087 2981 2150 magnum

1203 2178 1548 2244 hominum
1591 2198 1939 2242 numerum
1964 2178 2203 2242 ratione
2235 2179 2535 2241 castrensi
2578 2178 2754 2243 male
2799 2179 2983 2241 insti-

1204 2299 1449 2367 tutum,
1469 2290 1659 2352 armis
1683 2290 1957 2372 bellique
1978 2301 2287 2376 apparatu
2310 2288 2490 2353 haud
2514 2291 2681 2352 bene
2707 2289 2977 2354 instruc-

1205 2412 1372 2479 tum,
1385 2402 1706 2486 comperit.
1778 2402 2107 2480 Praeterea,
2130 2401 2579 2466 machinarum
2598 2399 2979 2465 bellicarum

1203 2515 1494 2592 artifices,
1524 2515 2078 2596 instrumentaque
2119 2515 2569 2598 cujuscunque
2610 2512 2855 2595 generis
2898 2510 2983 2574 ad

1207 2624 1692 2709 propugnacula
1712 2623 2027 2700 facienda,
2049 2623 2173 2686 illis
2190 2623 2554 2687 defuerunt.
2622 2624 2978 2699 Exercitus,

1211 2739 1415 2817 porro,
1447 2753 1529 2794 ex
1558 2743 1696 2794 tam
1727 2732 1917 2796 variis
1947 2732 2217 2795 ducibus
2244 2734 2700 2818 provinciisque
2730 2757 2982 2819 compo-

1212 2843 1393 2920 situs,
1409 2841 1494 2906 ad
1512 2842 1909 2928 disciplinam
1922 2843 2268 2907 militarem
2280 2846 2602 2928 aegerrime
2622 2845 2979 2910 traductus.

1211 2955 1428 3020 Duces
1474 2955 1771 3032 audaces,
1810 2954 2194 3018 hostilitatis¹
2222 2955 2421 3034 initio,
2458 2977 2595 3019 sese
2638 2957 2984 3040 insignive-

1208 3077 1374 3142 rant,
1401 3065 1897 3147 deductoresque
1916 3065 2031 3128 sibi
2051 3063 2211 3129 adeo
2233 3067 2558 3130 obnoxio&
2586 3069 2887 3146 fecerant,
2910 3078 2985 3130 ut

1211 3178 1258 3238 Ξῑ
1286 3174 1607 3257 praefectis,
1639 3174 1759 3236 nisi
1786 3196 1903 3238 suo
1931 3176 2207 3260 ipsorum
2238 3178 2451 3240 electu
2483 3179 2804 3242 constituti
2842 3181 2985 3242 fue-

1213 3285 1358 3362 rint,
1389 3285 1572 3368 dirigi
1601 3285 1921 3352 nolebant.

1279 3504 1297 3537 l
1330 3495 1608 3545 Hostilitatis
1623 3517 1638 3546 .-
1675 3497 1924 3564 “hostility
1940 3505 1986 3563 ;”
2012 3502 2106 3550 this
2116 3519 2264 3564 noun,
2280 3502 2507 3567 although
2522 3504 2646 3568 good
2664 3503 2828 3566 Latin,
2840 3503 2883 3553 is
2902 3511 2989 3556 not

1215 3573 1334 3624 used
1367 3574 1432 3638 by
1451 3589 1550 3638 any
1568 3572 1752 3634 classic,
1774 3581 1823 3623 to
1842 3591 1925 3639 my
1943 3577 2253 3638 recollection,
2274 3577 2391 3626 with
2414 3579 2495 3627 the
2526 3581 2769 3644 exception
2788 3579 2847 3630 of
2870 3581 2985 3629 Sm-

1215 3667 1293 3700 eca
1309 3671 1325 3699 .·
1348 3649 1493 3715 being
1505 3647 1695 3698 derived
1716 3649 1835 3698 from
1851 3652 2002 3714 hostis,
2019 3653 2175 3701 which
2193 3653 2432 3720 anciently
2446 3654 2676 3721 signified‚
2692 3658 2985 3720 asor-cignei·-

1274 3738 1298 3771 2
1335 3731 1570 3790 obnoxios,
1593 3730 1625 3756 ‘⁴
1639 3727 1859 3776 attached
1880 3735 1929 3777 to
1948 3729 2069 3778 their
2086 3735 2329 3796 persons.”
2751 3737 2757 3742 '
