3300 4634
1111 477 1194 540 62
1627 491 2133 538 wasnrucromr
2180 491 2357 536 vm.

1111 636 1500 712 obsidebant,
1521 635 1709 718 quod,
1732 645 1975 712 tamen,
1996 635 2381 710 Prestonius,
2400 633 2731 718 prefectus
2752 631 2891 696 An-

1115 748 1344 831 glicuS,
1373 748 1709 812 fortissime
1738 746 2037 811 defendit.
2126 746 2349 810 Morbo
2376 744 2609 808 ducem
2638 743 2891 824 Schuy·

1113 860 1206 922 ler
1237 861 1318 926 ab
1342 859 1624 922 exercitu
1651 858 1953 922 decedere
1983 868 2273 939 cogente,
2294 856 2633 939 imperium
2658 853 2747 918 ad
2773 853 2893 917 du-

1117 993 1259 1036 cem
1289 973 1735 1053 Montgomery
1754 970 2031 1046 devenit,
2052 969 2161 1051 qui
2180 979 2317 1030 tam
2335 967 2567 1030 acriter
2586 985 2893 1048 aggerem

1116 1082 1376 1159 obsedit,
1407 1092 1500 1158 ut,
1531 1103 1768 1166 paucos
1800 1082 1965 1144 intra
1992 1080 2151 1156 dies,
2172 1079 2633 1164 propugnaculi
2658 1079 2897 1162 potitus

1117 1194 1216 1262 sit.
1311 1194 1519 1277 Capto
1555 1193 1696 1256 loco
1738 1193 1879 1269 isto,
1924 1191 2009 1256 ad
2052 1192 2341 1256 Montem
2382 1190 2697 1272 Regium²
2741 1209 2897 1252 cum

1117 1304 1404 1368 exercitu
1432 1304 1665 1366 victore
1710 1304 2156 1386 Montgomery
2186 1303 2481 1386 perrexit.
2574 1303 2747 1366 Cum
2784 1323 2897 1385 op-

1115 1416 1265 1500 pido
1293 1416 1837 1500 appropinquaret,
1866 1435 2083 1499 paucae
2112 1414 2493 1478 Britannicae
2520 1414 2737 1500 copiae,
2756 1433 2899 1496 quae

1113 1527 1400 1612 praesidio
1429 1529 1704 1604 fuerant,
1730 1527 1799 1590 in
1822 1527 2048 1590 salutis
2072 1547 2249 1611 spem
2278 1547 2477 1591 naves
2498 1527 2738 1611 petiere
2762 1548 2779 1603 ;
2828 1536 2901 1588 at

1116 1641 1164 1704 a
1189 1639 1440 1700 tribuno
1467 1638 1735 1714 Easton,
1764 1640 1875 1721 qui
1900 1637 2265 1722 manipulos
2292 1638 2635 1702 nonnullos
2672 1638 2900 1704 ducta-

1117 1749 1250 1824 bat,
1279 1769 1408 1830 quo
1431 1748 1644 1812 minus
1678 1749 1947 1812 fluvium
1975 1751 2245 1815 navibus
2273 1750 2749 1828 descenderent,
2778 1750 2903 1814 im-

1120 1859 1549 1945 pediebantur.
1643 1861 1801 1925 Dux
1842 1861 2199 1926 Prescotius
2234 1883 2389 1926 cum
2418 1863 2703 1947 pluribus
2746 1883 2903 1948 prze-

1120 1972 1324 2049 fectis,
1356 1981 1741 2056 centumque
1786 1974 2015 2057 viginti
2060 1975 2365 2040 militibus
2411 1976 2717 2060 gregariis
2758 1995 2903 2038 sese

1119 2083 1492 2150 dediderunt
1507 2106 1524 2163 ;
1555 2085 1833 2168 Duxque
1854 2087 2295 2166 Americanus‚
2310 2089 2593 2172 prasidio
2608 2087 2697 2152 ad
2714 2090 2903 2154 Mon-

1119 2206 1252 2258 tem
1281 2196 1566 2278 Regium
1595 2197 1835 2275 relicto,
1856 2197 1945 2262 ad
1965 2200 2185 2263 urbem
2208 2199 2497 2270 Ganadae
2520 2201 2899 2284 procipnam

1119 2325 1317 2388 quam
1344 2307 1644 2370 maximis
1676 2308 2002 2372 itineribus
2030 2311 2377 2374 contendit.

1210 2417 1522 2501 Tempore
1545 2439 1671 2501 quo
1690 2419 2018 2484 victoriam
2042 2423 2491 2504 Montgomery
2510 2434 2644 2485 tam
2668 2422 2901 2486 acriter

1119 2540 1481 2606 sectaretur,
1512 2531 1839 2613 provincia
1864 2531 2264 2596 Canadensis
2294 2535 2376 2596 ab
2406 2534 2585 2597 hoste
2614 2554 2743 2597 non
2780 2534 2901 2596 mi-

1119 2643 1244 2704 nus
1293 2661 1372 2702 ac
1415 2641 1863 2724 Montgomery
1904 2644 2047 2705 forti
2092 2645 2495 2727 interritoque
2542 2646 2895 2729 petebatur.

1124 2749 1306 2814 Mille
1349 2751 1685 2815 hominum
1728 2751 1807 2816 de
1836 2756 2117 2820 exercitu
2144 2757 2531 2821 Americano
2562 2757 2903 2821 Cantabri·

1125 2863 1249 2945 giae
1301 2873 1458 2928 tunc
1509 2865 1805 2948 temporis
1854 2867 2025 2950 apud
2082 2867 2453 2951 Novanglos
2510 2867 2898 2945 considente,

1121 2977 1166 3040 a
1213 2975 1709 3058 Washingtonio
1758 2977 1841 3041 ad
1892 2979 2230 3042 Canadam
2278 2979 2647 3064 pacandam
2696 2981 2895 3044 missi.

1123 3089 1330 3152 Hicce
1373 3089 1747 3170 manipulus
1780 3091 2029 3152 tribuno
2056 3090 2323 3172 legionis
2352 3091 2659 3156 Arnoldio
2686 3092 2896 3169 datus,

1123 3197 1231 3280 qui
1251 3198 1461 3284 copias
1481 3199 1703 3260 itinere
1726 3199 2008 3268 nondum
2028 3213 2271 3266 tentato
2290 3225 2399 3288 per
2418 3203 2666 3267 deserta
2678 3203 2895 3267 duxit:

1124 3307 1526 3373 difficultates
1570 3332 1827 3393 magnae
1876 3334 2033 3395 quas
2082 3315 2189 3378 hic
2233 3316 2602 3400 manipulus
2640 3335 2745 3399 per
2790 3313 2901 3376 tri-

1126 3420 1308 3503 ginta
1336 3421 1470 3482 dies
1499 3423 1707 3500 subiit,
1736 3426 1867 3488 fere
1898 3425 2437 3510 inexsuperabiles
2466 3429 2669 3490 fuere.

1213 3531 1488 3598 Flumen
1517 3533 2047 3600 Kennebeckium
2070 3537 2357 3602 lintribus
2378 3539 2567 3602 factis
2596 3537 2901 3602 ascende-

1123 3655 1293 3721 runt,
1325 3653 1391 3706 et
1436 3643 1737 3706 adversus
1784 3646 2021 3709 flumen
2050 3649 2358 3730 navigare
2404 3650 2624 3712 coacti.
2720 3650 2902 3712 Mala

1417 3790 1436 3828 ι
1465 3784 1677 3834 mmm
1696 3783 1917 3848 Regium,
1937 3788 1967 3814 ‘⁶
1981 3785 2274 3848 Montmlp
2294 3785 2345 3836 in
2364 3785 2585 3840 Cauada.
