<?xml version="1.0" encoding="UTF-8"?>
<!DOCTYPE html PUBLIC "-//W3C//DTD XHTML 1.0 Transitional//EN"
    "http://www.w3.org/TR/xhtml1/DTD/xhtml1-transitional.dtd">
<html xmlns="http://www.w3.org/1999/xhtml" xml:lang="en" lang="en">
 <head>
  <title>
</title>
<meta http-equiv="Content-Type" content="text/html;charset=utf-8" />
  <meta name='ocr-system' content='tesseract 3.04.00' />
  <meta name='ocr-capabilities' content='ocr_page ocr_carea ocr_par ocr_line ocrx_word'/>
</head>
<body>
  <div class='ocr_page' id='page_1' title='image "alifegeorgewash00reyngoog_0131.png"; bbox 0 0 3300 4634; ppageno 0'>
   <div class='ocr_carea' id='block_1_1' title="bbox 1205 526 2460 594">
    <p class='ocr_par' dir='ltr' id='par_1_1' title="bbox 1205 526 2460 594">
     <span class='ocr_line' id='line_1_1' title="bbox 1205 526 2460 594; baseline 0.004 -5"><span class='ocrx_word' id='word_1_1' title='bbox 1205 542 1722 592; x_wconf 60' lang='lat' dir='ltr'><strong>wasnmoromr</strong></span> <span class='ocrx_word' id='word_1_2' title='bbox 1755 544 1932 593; x_wconf 74' lang='lat' dir='ltr'><strong>nn.</strong></span> <span class='ocrx_word' id='word_1_3' title='bbox 2333 526 2460 594; x_wconf 69' lang='lat'><strong>11⁷</strong></span> 
     </span>
    </p>
   </div>
   <div class='ocr_carea' id='block_1_2' title="bbox 674 682 2458 3331">
    <p class='ocr_par' dir='ltr' id='par_1_2' title="bbox 674 682 2458 1665">
     <span class='ocr_line' id='line_1_2' title="bbox 681 682 2457 774; baseline 0 -19"><span class='ocrx_word' id='word_1_4' title='bbox 681 710 829 755; x_wconf 86' lang='lat' dir='ltr'><strong>eum</strong></span> <span class='ocrx_word' id='word_1_5' title='bbox 862 684 1309 774; x_wconf 84' lang='lat' dir='ltr'><strong>decipiendum</strong></span> <span class='ocrx_word' id='word_1_6' title='bbox 1336 706 1378 751; x_wconf 85' lang='lat' dir='ltr'><strong>a</strong></span> <span class='ocrx_word' id='word_1_7' title='bbox 1404 682 1896 773; x_wconf 76' lang='lat' dir='ltr'><strong>washingtonio</strong></span> <span class='ocrx_word' id='word_1_8' title='bbox 1923 688 2047 752; x_wconf 84' lang='lat' dir='ltr'><strong>fuit</strong></span> <span class='ocrx_word' id='word_1_9' title='bbox 2087 691 2457 773; x_wconf 73' lang='lat' dir='ltr'><strong>praetermis-</strong></span> 
     </span>
     <span class='ocr_line' id='line_1_3' title="bbox 676 800 2457 881; baseline 0 -16"><span class='ocrx_word' id='word_1_10' title='bbox 676 822 821 865; x_wconf 86' lang='lat' dir='ltr'><strong>sum</strong></span> <span class='ocrx_word' id='word_1_11' title='bbox 840 800 1195 881; x_wconf 76' lang='lat' dir='ltr'>crebrisque</span> <span class='ocrx_word' id='word_1_12' title='bbox 1220 810 1542 864; x_wconf 86' lang='lat' dir='ltr'><strong>castorum</strong></span> <span class='ocrx_word' id='word_1_13' title='bbox 1560 800 2036 878; x_wconf 81' lang='lat' dir='ltr'><strong>mutationibus,</strong></span> <span class='ocrx_word' id='word_1_14' title='bbox 2060 800 2457 865; x_wconf 86' lang='lat' dir='ltr'><strong>Clintonium</strong></span> 
     </span>
     <span class='ocr_line' id='line_1_4' title="bbox 676 903 2458 993; baseline -0.003 -18"><span class='ocrx_word' id='word_1_15' title='bbox 676 912 1011 976; x_wconf 77' lang='lat' dir='ltr'><strong>formidine</strong></span> <span class='ocrx_word' id='word_1_16' title='bbox 1062 912 1371 993; x_wconf 69' lang='lat' dir='ltr'><strong>perpetua</strong></span> <span class='ocrx_word' id='word_1_17' title='bbox 1398 903 1772 993; x_wconf 73' lang='lat' dir='ltr'><strong>exagitavit.</strong></span> <span class='ocrx_word' id='word_1_18' title='bbox 1869 910 2264 989; x_wconf 83' lang='lat' dir='ltr'><strong>Cornwallis,</strong></span> <span class='ocrx_word' id='word_1_19' title='bbox 2295 913 2458 976; x_wconf 85' lang='lat' dir='ltr'><strong>inte.</strong></span> 
     </span>
     <span class='ocr_line' id='line_1_5' title="bbox 674 1019 2454 1107; baseline 0.002 -21"><span class='ocrx_word' id='word_1_20' title='bbox 674 1044 807 1101; x_wconf 87' lang='lat' dir='ltr'><strong>rea,</strong></span> <span class='ocrx_word' id='word_1_21' title='bbox 822 1022 1196 1107; x_wconf 82' lang='lat' dir='ltr'><strong>oppidulum</strong></span> <span class='ocrx_word' id='word_1_22' title='bbox 1220 1019 1391 1105; x_wconf 81' lang='lat' dir='ltr'><strong>apud</strong></span> <span class='ocrx_word' id='word_1_23' title='bbox 1408 1020 1857 1105; x_wconf 70' lang='lat' dir='ltr'><strong>virginienses,</strong></span> <span class='ocrx_word' id='word_1_24' title='bbox 1875 1022 2233 1089; x_wconf 73' lang='lat' dir='ltr'><strong>Eboracum</strong></span> <span class='ocrx_word' id='word_1_25' title='bbox 2253 1024 2454 1106; x_wconf 63' lang='lat' dir='ltr'><strong>vulgo</strong></span> 
     </span>
     <span class='ocr_line' id='line_1_6' title="bbox 676 1132 2456 1217; baseline 0.001 -20"><span class='ocrx_word' id='word_1_26' title='bbox 676 1143 1147 1217; x_wconf 87' lang='lat' dir='ltr'><strong>nuncupatum,</strong></span> <span class='ocrx_word' id='word_1_27' title='bbox 1170 1132 1365 1216; x_wconf 71' lang='lat' dir='ltr'><strong>cepit,</strong></span> <span class='ocrx_word' id='word_1_28' title='bbox 1397 1133 1943 1216; x_wconf 69' lang='lat' dir='ltr'><strong>expugnavitque,</strong></span> <span class='ocrx_word' id='word_1_29' title='bbox 1974 1134 2154 1199; x_wconf 87' lang='lat' dir='ltr'><strong>nullo</strong></span> <span class='ocrx_word' id='word_1_30' title='bbox 2181 1137 2315 1199; x_wconf 74' lang='lat' dir='ltr'><strong>fere</strong></span> <span class='ocrx_word' id='word_1_31' title='bbox 2359 1153 2456 1199; x_wconf 85' lang='lat' dir='ltr'><strong>re-</strong></span> 
     </span>
     <span class='ocr_line' id='line_1_7' title="bbox 678 1244 2454 1326; baseline 0.001 -18"><span class='ocrx_word' id='word_1_32' title='bbox 678 1246 939 1309; x_wconf 74' lang='lat' dir='ltr'><strong>sistente</strong></span> <span class='ocrx_word' id='word_1_33' title='bbox 964 1266 981 1322; x_wconf 89' lang='lat'>;</span> <span class='ocrx_word' id='word_1_34' title='bbox 1014 1260 1227 1326; x_wconf 86' lang='lat' dir='ltr'><strong>quem,</strong></span> <span class='ocrx_word' id='word_1_35' title='bbox 1249 1254 1493 1319; x_wconf 88' lang='lat' dir='ltr'><strong>tamen,</strong></span> <span class='ocrx_word' id='word_1_36' title='bbox 1514 1244 2018 1326; x_wconf 76' lang='lat' dir='ltr'><strong>subsequebatur</strong></span> <span class='ocrx_word' id='word_1_37' title='bbox 2037 1244 2282 1308; x_wconf 85' lang='lat' dir='ltr'><strong>duobus</strong></span> <span class='ocrx_word' id='word_1_38' title='bbox 2301 1266 2454 1311; x_wconf 88' lang='lat' dir='ltr'><strong>cum</strong></span> 
     </span>
     <span class='ocr_line' id='line_1_8' title="bbox 679 1352 2454 1441; baseline 0 -20"><span class='ocrx_word' id='word_1_39' title='bbox 679 1357 1011 1421; x_wconf 85' lang='lat' dir='ltr'><strong>hominum</strong></span> <span class='ocrx_word' id='word_1_40' title='bbox 1052 1352 1351 1434; x_wconf 83' lang='lat' dir='ltr'><strong>millibus,</strong></span> <span class='ocrx_word' id='word_1_41' title='bbox 1384 1356 1480 1421; x_wconf 91' lang='lat' dir='ltr'><strong>La</strong></span> <span class='ocrx_word' id='word_1_42' title='bbox 1506 1355 1798 1437; x_wconf 73' lang='lat' dir='ltr'><strong>Fayette,</strong></span> <span class='ocrx_word' id='word_1_43' title='bbox 1829 1354 2058 1421; x_wconf 81' lang='lat' dir='ltr'><strong>Gallus</strong></span> <span class='ocrx_word' id='word_1_44' title='bbox 2086 1357 2454 1441; x_wconf 57' lang='lat' dir='ltr'><strong>praenobilis,</strong></span> 
     </span>
     <span class='ocr_line' id='line_1_9' title="bbox 674 1466 2455 1551; baseline 0 -20"><span class='ocrx_word' id='word_1_45' title='bbox 674 1469 811 1551; x_wconf 88' lang='lat' dir='ltr'><strong>qui,</strong></span> <span class='ocrx_word' id='word_1_46' title='bbox 849 1472 1171 1533; x_wconf 74' lang='lat' dir='ltr'><strong>motuum¹</strong></span> <span class='ocrx_word' id='word_1_47' title='bbox 1218 1468 1544 1531; x_wconf 89' lang='lat' dir='ltr'><strong>hostilium</strong></span> <span class='ocrx_word' id='word_1_48' title='bbox 1588 1466 2120 1530; x_wconf 66' lang='lat' dir='ltr'><strong>observanda-um</strong></span> <span class='ocrx_word' id='word_1_49' title='bbox 2165 1472 2385 1545; x_wconf 76' lang='lat' dir='ltr'><strong>causa,</strong></span> <span class='ocrx_word' id='word_1_50' title='bbox 2414 1487 2455 1531; x_wconf 88' lang='lat' dir='ltr'><strong>a</strong></span> 
     </span>
     <span class='ocr_line' id='line_1_10' title="bbox 677 1567 1805 1665; baseline 0 -24"><span class='ocrx_word' id='word_1_51' title='bbox 677 1579 1169 1664; x_wconf 85' lang='lat' dir='ltr'><strong>Washingtonio</strong></span> <span class='ocrx_word' id='word_1_52' title='bbox 1194 1582 1402 1657; x_wconf 78' lang='lat' dir='ltr'><strong>fuerat</strong></span> <span class='ocrx_word' id='word_1_53' title='bbox 1429 1567 1805 1665; x_wconf 67' lang='lat' dir='ltr'><strong>priemissus.</strong></span> 
     </span>
    </p>

    <p class='ocr_par' dir='ltr' id='par_1_3' title="bbox 677 1689 2457 3331">
     <span class='ocr_line' id='line_1_11' title="bbox 766 1689 2454 1769; baseline -0.001 -14"><span class='ocrx_word' id='word_1_54' title='bbox 766 1693 905 1756; x_wconf 81' lang='lat' dir='ltr'><strong>Sub</strong></span> <span class='ocrx_word' id='word_1_55' title='bbox 930 1692 1193 1755; x_wconf 83' lang='lat' dir='ltr'><strong>Sextilis</strong></span> <span class='ocrx_word' id='word_1_56' title='bbox 1232 1694 1450 1768; x_wconf 88' lang='lat' dir='ltr'><strong>finem,</strong></span> <span class='ocrx_word' id='word_1_57' title='bbox 1483 1690 1582 1755; x_wconf 92' lang='lat' dir='ltr'><strong>De</strong></span> <span class='ocrx_word' id='word_1_58' title='bbox 1614 1690 1866 1767; x_wconf 58' lang='lat' dir='ltr'><strong>(lmese,</strong></span> <span class='ocrx_word' id='word_1_59' title='bbox 1899 1709 2130 1754; x_wconf 87' lang='lat' dir='ltr'><strong>comes·</strong></span> <span class='ocrx_word' id='word_1_60' title='bbox 2145 1689 2454 1769; x_wconf 78' lang='lat' dir='ltr'><strong>Gallicus,</strong></span> 
     </span>
     <span class='ocr_line' id='line_1_12' title="bbox 678 1802 2452 1886; baseline 0 -21"><span class='ocrx_word' id='word_1_61' title='bbox 678 1803 787 1886; x_wconf 88' lang='lat' dir='ltr'><strong>qui</strong></span> <span class='ocrx_word' id='word_1_62' title='bbox 820 1803 1008 1867; x_wconf 81' lang='lat' dir='ltr'><strong>classi</strong></span> <span class='ocrx_word' id='word_1_63' title='bbox 1036 1802 1343 1869; x_wconf 79' lang='lat' dir='ltr'><strong>Ludovici</strong></span> <span class='ocrx_word' id='word_1_64' title='bbox 1374 1803 1611 1868; x_wconf 81' lang='lat' dir='ltr'><strong>decimi</strong></span> <span class='ocrx_word' id='word_1_65' title='bbox 1635 1803 1803 1866; x_wconf 85' lang='lat' dir='ltr'><strong>sexti</strong></span> <span class='ocrx_word' id='word_1_66' title='bbox 1831 1803 2195 1886; x_wconf 56' lang='lat' dir='ltr'><strong>praepositus</strong></span> <span class='ocrx_word' id='word_1_67' title='bbox 2223 1804 2452 1880; x_wconf 86' lang='lat' dir='ltr'><strong>fuerat,</strong></span> 
     </span>
     <span class='ocr_line' id='line_1_13' title="bbox 680 1913 2451 1997; baseline -0.001 -20"><span class='ocrx_word' id='word_1_68' title='bbox 680 1935 837 1977; x_wconf 89' lang='lat' dir='ltr'><strong>cum</strong></span> <span class='ocrx_word' id='word_1_69' title='bbox 868 1915 1121 1997; x_wconf 82' lang='lat' dir='ltr'><strong>triginta</strong></span> <span class='ocrx_word' id='word_1_70' title='bbox 1148 1916 1421 1979; x_wconf 86' lang='lat' dir='ltr'><strong>navibus</strong></span> <span class='ocrx_word' id='word_1_71' title='bbox 1464 1914 1697 1997; x_wconf 82' lang='lat' dir='ltr'><strong>longis,</strong></span> <span class='ocrx_word' id='word_1_72' title='bbox 1725 1914 1794 1976; x_wconf 88' lang='lat' dir='ltr'><strong>in</strong></span> <span class='ocrx_word' id='word_1_73' title='bbox 1823 1923 2230 1997; x_wconf 87' lang='lat' dir='ltr'><strong>conspectum</strong></span> <span class='ocrx_word' id='word_1_74' title='bbox 2259 1913 2451 1977; x_wconf 86' lang='lat' dir='ltr'><strong>venit.</strong></span> 
     </span>
     <span class='ocr_line' id='line_1_14' title="bbox 680 2024 2456 2111; baseline -0.001 -22"><span class='ocrx_word' id='word_1_75' title='bbox 680 2025 969 2110; x_wconf 79' lang='lat' dir='ltr'><strong>Agmina</strong></span> <span class='ocrx_word' id='word_1_76' title='bbox 998 2026 1191 2103; x_wconf 83' lang='lat' dir='ltr'><strong>socia,</strong></span> <span class='ocrx_word' id='word_1_77' title='bbox 1224 2025 1308 2089; x_wconf 85' lang='lat' dir='ltr'><strong>ad</strong></span> <span class='ocrx_word' id='word_1_78' title='bbox 1336 2025 1707 2109; x_wconf 84' lang='lat' dir='ltr'><strong>oppidulum</strong></span> <span class='ocrx_word' id='word_1_79' title='bbox 1736 2024 2100 2089; x_wconf 82' lang='lat' dir='ltr'><strong>Eboracum</strong></span> <span class='ocrx_word' id='word_1_80' title='bbox 2127 2025 2298 2111; x_wconf 89' lang='lat' dir='ltr'><strong>apud</strong></span> <span class='ocrx_word' id='word_1_81' title='bbox 2317 2025 2456 2088; x_wconf 86' lang='lat' dir='ltr'><strong>Vir·</strong></span> 
     </span>
     <span class='ocr_line' id='line_1_15' title="bbox 681 2136 2456 2219; baseline 0 -20"><span class='ocrx_word' id='word_1_82' title='bbox 681 2137 1003 2219; x_wconf 81' lang='lat' dir='ltr'><strong>ginienses</strong></span> <span class='ocrx_word' id='word_1_83' title='bbox 1050 2137 1487 2213; x_wconf 85' lang='lat' dir='ltr'><strong>obsidendum,</strong></span> <span class='ocrx_word' id='word_1_84' title='bbox 1518 2136 1750 2219; x_wconf 86' lang='lat' dir='ltr'><strong>partim</strong></span> <span class='ocrx_word' id='word_1_85' title='bbox 1797 2138 1984 2211; x_wconf 64' lang='lat' dir='ltr'><strong>terra,</strong></span> <span class='ocrx_word' id='word_1_86' title='bbox 2015 2138 2244 2218; x_wconf 83' lang='lat' dir='ltr'><strong>partim</strong></span> <span class='ocrx_word' id='word_1_87' title='bbox 2293 2136 2456 2199; x_wconf 88' lang='lat' dir='ltr'><strong>mari</strong></span> 
     </span>
     <span class='ocr_line' id='line_1_16' title="bbox 677 2244 2457 2332; baseline -0.001 -22"><span class='ocrx_word' id='word_1_88' title='bbox 677 2244 1132 2332; x_wconf 55' lang='lat' dir='ltr'><strong>procedebant:</strong></span> <span class='ocrx_word' id='word_1_89' title='bbox 1222 2246 1434 2331; x_wconf 84' lang='lat' dir='ltr'><strong>Copiae</strong></span> <span class='ocrx_word' id='word_1_90' title='bbox 1479 2266 1719 2322; x_wconf 75' lang='lat' dir='ltr'><strong>omneS,</strong></span> <span class='ocrx_word' id='word_1_91' title='bbox 1764 2244 2094 2309; x_wconf 83' lang='lat' dir='ltr'><strong>nonnullis</strong></span> <span class='ocrx_word' id='word_1_92' title='bbox 2153 2244 2457 2308; x_wconf 80' lang='lat' dir='ltr'><strong>militibus</strong></span> 
     </span>
     <span class='ocr_line' id='line_1_17' title="bbox 677 2355 2456 2441; baseline 0.001 -21"><span class='ocrx_word' id='word_1_93' title='bbox 677 2356 1221 2441; x_wconf 70' lang='lat' dir='ltr'><strong>virginiensibu8,·</strong></span> <span class='ocrx_word' id='word_1_94' title='bbox 1248 2378 1407 2441; x_wconf 86' lang='lat' dir='ltr'><strong>quos</strong></span> <span class='ocrx_word' id='word_1_95' title='bbox 1450 2356 1812 2433; x_wconf 86' lang='lat' dir='ltr'><strong>Nelsonius,</strong></span> <span class='ocrx_word' id='word_1_96' title='bbox 1855 2355 1990 2419; x_wconf 84' lang='lat' dir='ltr'><strong>dux</strong></span> <span class='ocrx_word' id='word_1_97' title='bbox 2034 2356 2456 2421; x_wconf 86' lang='lat' dir='ltr'><strong>Americanus</strong></span> 
     </span>
     <span class='ocr_line' id='line_1_18' title="bbox 678 2466 2456 2552; baseline -0.002 -20"><span class='ocrx_word' id='word_1_98' title='bbox 678 2468 974 2545; x_wconf 85' lang='lat' dir='ltr'><strong>ducebat,</strong></span> <span class='ocrx_word' id='word_1_99' title='bbox 1006 2468 1291 2552; x_wconf 82' lang='lat' dir='ltr'><strong>receptis,</strong></span> <span class='ocrx_word' id='word_1_100' title='bbox 1334 2466 1414 2531; x_wconf 87' lang='lat' dir='ltr'><strong>ad</strong></span> <span class='ocrx_word' id='word_1_101' title='bbox 1462 2467 1806 2532; x_wconf 89' lang='lat' dir='ltr'><strong>duodecim</strong></span> <span class='ocrx_word' id='word_1_102' title='bbox 1851 2466 2185 2528; x_wconf 87' lang='lat' dir='ltr'><strong>hominum</strong></span> <span class='ocrx_word' id='word_1_103' title='bbox 2231 2466 2456 2544; x_wconf 85' lang='lat' dir='ltr'><strong>millia,</strong></span> 
     </span>
     <span class='ocr_line' id='line_1_19' title="bbox 680 2577 2456 2664; baseline -0.004 -21"><span class='ocrx_word' id='word_1_104' title='bbox 680 2580 991 2662; x_wconf 86' lang='lat' dir='ltr'><strong>vigesimo</strong></span> <span class='ocrx_word' id='word_1_105' title='bbox 1019 2579 1405 2664; x_wconf 85' lang='lat' dir='ltr'><strong>Septembris</strong></span> <span class='ocrx_word' id='word_1_106' title='bbox 1434 2578 1559 2657; x_wconf 90' lang='lat' dir='ltr'><strong>die,</strong></span> <span class='ocrx_word' id='word_1_107' title='bbox 1582 2588 1659 2642; x_wconf 89' lang='lat' dir='ltr'><strong>ut</strong></span> <span class='ocrx_word' id='word_1_108' title='bbox 1703 2577 2071 2641; x_wconf 83' lang='lat' dir='ltr'><strong>Eboracum</strong></span> <span class='ocrx_word' id='word_1_109' title='bbox 2115 2594 2456 2659; x_wconf 81' lang='lat' dir='ltr'><strong>expugna-</strong></span> 
     </span>
     <span class='ocr_line' id='line_1_20' title="bbox 680 2685 2454 2768; baseline -0.002 -14"><span class='ocrx_word' id='word_1_110' title='bbox 680 2702 842 2768; x_wconf 86' lang='lat' dir='ltr'><strong>rent,</strong></span> <span class='ocrx_word' id='word_1_111' title='bbox 874 2692 983 2755; x_wconf 89' lang='lat' dir='ltr'><strong>ubi</strong></span> <span class='ocrx_word' id='word_1_112' title='bbox 1014 2691 1387 2755; x_wconf 87' lang='lat' dir='ltr'><strong>Cornwallis</strong></span> <span class='ocrx_word' id='word_1_113' title='bbox 1418 2712 1569 2755; x_wconf 89' lang='lat' dir='ltr'><strong>cum</strong></span> <span class='ocrx_word' id='word_1_114' title='bbox 1598 2689 1884 2753; x_wconf 85' lang='lat' dir='ltr'><strong>exercitu</strong></span> <span class='ocrx_word' id='word_1_115' title='bbox 1915 2708 2032 2751; x_wconf 86' lang='lat' dir='ltr'><strong>suo</strong></span> <span class='ocrx_word' id='word_1_116' title='bbox 2061 2685 2454 2766; x_wconf 84' lang='lat' dir='ltr'><strong>consederat,</strong></span> 
     </span>
     <span class='ocr_line' id='line_1_21' title="bbox 678 2799 2454 2886; baseline -0.002 -20"><span class='ocrx_word' id='word_1_117' title='bbox 678 2804 963 2867; x_wconf 82' lang='lat' dir='ltr'><strong>maxim0</strong></span> <span class='ocrx_word' id='word_1_118' title='bbox 1012 2801 1247 2880; x_wconf 88' lang='lat' dir='ltr'><strong>studio,</strong></span> <span class='ocrx_word' id='word_1_119' title='bbox 1280 2803 1798 2886; x_wconf 87' lang='lat' dir='ltr'><strong>accingebantur.</strong></span> <span class='ocrx_word' id='word_1_120' title='bbox 1893 2799 2152 2877; x_wconf 82' lang='lat' dir='ltr'><strong>Classis,</strong></span> <span class='ocrx_word' id='word_1_121' title='bbox 2184 2800 2454 2884; x_wconf 84' lang='lat' dir='ltr'><strong>insuper,</strong></span> 
     </span>
     <span class='ocr_line' id='line_1_22' title="bbox 684 2908 2456 2997; baseline -0.002 -19"><span class='ocrx_word' id='word_1_122' title='bbox 684 2911 959 2992; x_wconf 76' lang='lat' dir='ltr'><strong>Gallica,</strong></span> <span class='ocrx_word' id='word_1_123' title='bbox 1010 2934 1208 2997; x_wconf 89' lang='lat' dir='ltr'><strong>quam</strong></span> <span class='ocrx_word' id='word_1_124' title='bbox 1264 2914 1365 2977; x_wconf 90' lang='lat' dir='ltr'><strong>De</strong></span> <span class='ocrx_word' id='word_1_125' title='bbox 1420 2915 1651 2977; x_wconf 82' lang='lat' dir='ltr'><strong>Grasse</strong></span> <span class='ocrx_word' id='word_1_126' title='bbox 1701 2911 1994 2985; x_wconf 86' lang='lat' dir='ltr'><strong>ducebat,</strong></span> <span class='ocrx_word' id='word_1_127' title='bbox 2045 2908 2269 2972; x_wconf 88' lang='lat' dir='ltr'><strong>eodem</strong></span> <span class='ocrx_word' id='word_1_128' title='bbox 2321 2912 2456 2975; x_wconf 72' lang='lat' dir='ltr'><strong>fere</strong></span> 
     </span>
     <span class='ocr_line' id='line_1_23' title="bbox 684 3020 2455 3109; baseline -0.005 -22"><span class='ocrx_word' id='word_1_129' title='bbox 684 3036 986 3109; x_wconf 88' lang='lat' dir='ltr'><strong>tempore,</strong></span> <span class='ocrx_word' id='word_1_130' title='bbox 1014 3025 1081 3087; x_wconf 87' lang='lat' dir='ltr'><strong>in</strong></span> <span class='ocrx_word' id='word_1_131' title='bbox 1111 3036 1530 3109; x_wconf 88' lang='lat' dir='ltr'><strong>conspectum</strong></span> <span class='ocrx_word' id='word_1_132' title='bbox 1560 3024 1756 3099; x_wconf 86' lang='lat' dir='ltr'><strong>venit,</strong></span> <span class='ocrx_word' id='word_1_133' title='bbox 1787 3031 1852 3083; x_wconf 87' lang='lat' dir='ltr'><strong>et</strong></span> <span class='ocrx_word' id='word_1_134' title='bbox 1896 3039 1978 3081; x_wconf 90' lang='lat' dir='ltr'><strong>ne</strong></span> <span class='ocrx_word' id='word_1_135' title='bbox 2009 3020 2455 3094; x_wconf 62' lang='lat' dir='ltr'><strong>commeatuS,¹²</strong></span> 
     </span>
     <span class='ocr_line' id='line_1_24' title="bbox 684 3126 2455 3214; baseline -0.005 -15"><span class='ocrx_word' id='word_1_136' title='bbox 684 3146 803 3199; x_wconf 84' lang='lat' dir='ltr'><strong>aut</strong></span> <span class='ocrx_word' id='word_1_137' title='bbox 832 3134 1143 3199; x_wconf 81' lang='lat' dir='ltr'><strong>auxilium</strong></span> <span class='ocrx_word' id='word_1_138' title='bbox 1167 3135 1376 3198; x_wconf 90' lang='lat' dir='ltr'><strong>ullum</strong></span> <span class='ocrx_word' id='word_1_139' title='bbox 1401 3135 1685 3198; x_wconf 89' lang='lat' dir='ltr'><strong>hostibus</strong></span> <span class='ocrx_word' id='word_1_140' title='bbox 1710 3130 1912 3195; x_wconf 83' lang='lat' dir='ltr'><strong>afferri</strong></span> <span class='ocrx_word' id='word_1_141' title='bbox 1936 3136 2200 3214; x_wconf 87' lang='lat' dir='ltr'><strong>poterat,</strong></span> <span class='ocrx_word' id='word_1_142' title='bbox 2233 3126 2455 3191; x_wconf 66' lang='lat' dir='ltr'><strong>seduli&gt;</strong></span> 
     </span>
     <span class='ocr_line' id='line_1_25' title="bbox 678 3246 1015 3331; baseline 0.006 -22"><span class='ocrx_word' id='word_1_143' title='bbox 678 3246 1015 3331; x_wconf 87' lang='lat' dir='ltr'><strong>prohibuit.</strong></span> 
     </span>
    </p>
   </div>
   <div class='ocr_carea' id='block_1_3' title="bbox 678 3354 2460 3707">
    <p class='ocr_par' dir='ltr' id='par_1_4' title="bbox 678 3354 2459 3555">
     <span class='ocr_line' id='line_1_26' title="bbox 682 3354 2458 3378; baseline -0.001 -7"><span class='ocrx_word' id='word_1_144' title='bbox 682 3354 2458 3378; x_wconf 81' lang='lat'><strong>--..--.--...-—-—-.--—-—-———--—·-·--</strong></span> 
     </span>
     <span class='ocr_line' id='line_1_27' title="bbox 678 3413 2459 3482; baseline -0.001 -15"><span class='ocrx_word' id='word_1_145' title='bbox 678 3418 783 3467; x_wconf 86' lang='lat' dir='ltr'><strong>him</strong></span> <span class='ocrx_word' id='word_1_146' title='bbox 812 3427 865 3469; x_wconf 74' lang='lat' dir='ltr'><strong>to</strong></span> <span class='ocrx_word' id='word_1_147' title='bbox 892 3420 977 3467; x_wconf 88' lang='lat' dir='ltr'><strong>bid</strong></span> <span class='ocrx_word' id='word_1_148' title='bbox 1006 3418 1225 3469; x_wconf 80' lang='lat' dir='ltr'><strong>defianoe</strong></span> <span class='ocrx_word' id='word_1_149' title='bbox 1240 3426 1303 3480; x_wconf 78' lang='lat' dir='ltr'><strong>to,</strong></span> <span class='ocrx_word' id='word_1_150' title='bbox 1323 3418 1368 3467; x_wconf 78' lang='lat' dir='ltr'><strong>if</strong></span> <span class='ocrx_word' id='word_1_151' title='bbox 1388 3425 1475 3468; x_wconf 87' lang='lat' dir='ltr'><strong>not</strong></span> <span class='ocrx_word' id='word_1_152' title='bbox 1492 3426 1543 3468; x_wconf 81' lang='grc' dir='ltr'><strong>ω</strong></span> <span class='ocrx_word' id='word_1_153' title='bbox 1562 3424 1773 3482; x_wconf 81' lang='lat' dir='ltr'><strong>capture,</strong></span> <span class='ocrx_word' id='word_1_154' title='bbox 1793 3430 1894 3480; x_wconf 75' lang='lat' dir='ltr'><strong>any</strong></span> <span class='ocrx_word' id='word_1_155' title='bbox 1911 3413 2232 3464; x_wconf 74' lang='lat' dir='ltr'><strong>combination</strong></span> <span class='ocrx_word' id='word_1_156' title='bbox 2251 3414 2309 3464; x_wconf 84' lang='lat' dir='ltr'><strong>of</strong></span> <span class='ocrx_word' id='word_1_157' title='bbox 2330 3414 2459 3465; x_wconf 78' lang='lat' dir='ltr'><strong>force</strong></span> 
     </span>
     <span class='ocr_line' id='line_1_28' title="bbox 681 3490 2252 3555; baseline -0.003 -12"><span class='ocrx_word' id='word_1_158' title='bbox 681 3494 842 3543; x_wconf 83' lang='lat' dir='ltr'><strong>which</strong></span> <span class='ocrx_word' id='word_1_159' title='bbox 859 3494 1049 3545; x_wconf 79' lang='lat' dir='ltr'><strong>Franco</strong></span> <span class='ocrx_word' id='word_1_160' title='bbox 1068 3510 1120 3545; x_wconf 75' lang='lat' dir='ltr'><strong>or</strong></span> <span class='ocrx_word' id='word_1_161' title='bbox 1138 3494 1367 3544; x_wconf 66' lang='lat' dir='ltr'><strong>Amet-ica</strong></span> <span class='ocrx_word' id='word_1_162' title='bbox 1384 3493 1527 3544; x_wconf 88' lang='lat' dir='ltr'><strong>could</strong></span> <span class='ocrx_word' id='word_1_163' title='bbox 1546 3500 1597 3543; x_wconf 84' lang='lat' dir='ltr'><strong>at</strong></span> <span class='ocrx_word' id='word_1_164' title='bbox 1615 3495 1721 3543; x_wconf 84' lang='lat' dir='ltr'><strong>that</strong></span> <span class='ocrx_word' id='word_1_165' title='bbox 1738 3493 1853 3541; x_wconf 87' lang='lat' dir='ltr'><strong>time</strong></span> <span class='ocrx_word' id='word_1_166' title='bbox 1873 3506 2052 3555; x_wconf 85' lang='lat' dir='ltr'><strong>oppose</strong></span> <span class='ocrx_word' id='word_1_167' title='bbox 2070 3497 2120 3540; x_wconf 84' lang='lat' dir='ltr'><strong>to</strong></span> <span class='ocrx_word' id='word_1_168' title='bbox 2137 3490 2252 3540; x_wconf 89' lang='lat' dir='ltr'><strong>him.</strong></span> 
     </span>
    </p>

    <p class='ocr_par' dir='ltr' id='par_1_5' title="bbox 682 3564 2460 3707">
     <span class='ocr_line' id='line_1_29' title="bbox 682 3564 2460 3707; baseline -0.003 -88"><span class='ocrx_word' id='word_1_169' title='bbox 682 3576 769 3694; x_wconf 42' lang='lat' dir='ltr'><strong>‘hg</strong></span> <span class='ocrx_word' id='word_1_170' title='bbox 786 3572 1030 3707; x_wconf 40' lang='lat' dir='ltr'><strong>aim</strong></span> <span class='ocrx_word' id='word_1_171' title='bbox 1052 3575 1151 3633; x_wconf 58' lang='lat'><strong>40„</strong></span> <span class='ocrx_word' id='word_1_172' title='bbox 1171 3574 1203 3601; x_wconf 85' lang='lat'><strong>“</strong></span> <span class='ocrx_word' id='word_1_173' title='bbox 1217 3570 1287 3621; x_wconf 80' lang='lat' dir='ltr'><strong>for</strong></span> <span class='ocrx_word' id='word_1_174' title='bbox 1301 3570 1385 3620; x_wconf 82' lang='lat' dir='ltr'><strong>the</strong></span> <span class='ocrx_word' id='word_1_175' title='bbox 1403 3584 1611 3635; x_wconf 78' lang='lat' dir='ltr'><strong>purpose</strong></span> <span class='ocrx_word' id='word_1_176' title='bbox 1628 3568 1689 3618; x_wconf 81' lang='lat' dir='ltr'><strong>of</strong></span> <span class='ocrx_word' id='word_1_177' title='bbox 1709 3567 1954 3633; x_wconf 81' lang='lat' dir='ltr'><strong>watching</strong></span> <span class='ocrx_word' id='word_1_178' title='bbox 1983 3567 2068 3618; x_wconf 81' lang='lat' dir='ltr'><strong>the</strong></span> <span class='ocrx_word' id='word_1_179' title='bbox 2081 3573 2382 3631; x_wconf 67' lang='lat' dir='ltr'><strong>movements</strong></span> <span class='ocrx_word' id='word_1_180' title='bbox 2399 3564 2460 3615; x_wconf 84' lang='lat' dir='ltr'><strong>of</strong></span> 
     </span>
    </p>
   </div>
   <div class='ocr_carea' id='block_1_4' title="bbox 744 3714 2545 3787">
    <p class='ocr_par' dir='ltr' id='par_1_6' title="bbox 744 3714 2545 3787">
     <span class='ocr_line' id='line_1_30' title="bbox 744 3714 2545 3787; baseline -0.008 -16"><span class='ocrx_word' id='word_1_181' title='bbox 744 3728 769 3764; x_wconf 71' lang='lat'>⁸</span> <span class='ocrx_word' id='word_1_182' title='bbox 806 3721 1111 3784; x_wconf 67' lang='grc' dir='ltr'><strong>Οοπυηοσεω,</strong></span> <span class='ocrx_word' id='word_1_183' title='bbox 1131 3721 1435 3787; x_wconf 77' lang='lat' dir='ltr'><strong>“provisions</strong></span> <span class='ocrx_word' id='word_1_184' title='bbox 1447 3724 1495 3784; x_wconf 64' lang='grc' dir='ltr'><strong>ς’*</strong></span> <span class='ocrx_word' id='word_1_185' title='bbox 1526 3721 1623 3771; x_wconf 80' lang='lat' dir='ltr'><strong>this</strong></span> <span class='ocrx_word' id='word_1_186' title='bbox 1640 3736 1775 3772; x_wconf 82' lang='lat' dir='ltr'><strong>noun</strong></span> <span class='ocrx_word' id='word_1_187' title='bbox 1793 3718 2014 3785; x_wconf 79' lang='lat' dir='ltr'><strong>properly</strong></span> <span class='ocrx_word' id='word_1_188' title='bbox 2031 3716 2242 3780; x_wconf 69' lang='lat' dir='ltr'><strong>significo</strong></span> <span class='ocrx_word' id='word_1_189' title='bbox 2261 3726 2293 3761; x_wconf 77' lang='lat' dir='ltr'><strong>a</strong></span> <span class='ocrx_word' id='word_1_190' title='bbox 2315 3724 2454 3774; x_wconf 72' lang='lat' dir='ltr'><strong>pasn-</strong></span> <span class='ocrx_word' id='word_1_191' title='bbox 2537 3714 2545 3721; x_wconf 84' lang='grc'><em>’</em></span> 
     </span>
    </p>
   </div>
   <div class='ocr_carea' id='block_1_5' title="bbox 685 3794 1541 3860">
    <p class='ocr_par' dir='ltr' id='par_1_7' title="bbox 685 3794 1541 3860">
     <span class='ocr_line' id='line_1_31' title="bbox 685 3794 1541 3860; baseline 0.002 -16"><span class='ocrx_word' id='word_1_192' title='bbox 685 3796 771 3860; x_wconf 86' lang='lat' dir='ltr'><strong>ing</strong></span> <span class='ocrx_word' id='word_1_193' title='bbox 788 3802 841 3846; x_wconf 78' lang='lat' dir='ltr'><strong>to</strong></span> <span class='ocrx_word' id='word_1_194' title='bbox 858 3794 960 3847; x_wconf 78' lang='lat' dir='ltr'><strong>and</strong></span> <span class='ocrx_word' id='word_1_195' title='bbox 970 3796 1057 3860; x_wconf 76' lang='lat' dir='ltr'><strong>fro,</strong></span> <span class='ocrx_word' id='word_1_196' title='bbox 1076 3812 1109 3846; x_wconf 85' lang='lat' dir='ltr'><strong>a</strong></span> <span class='ocrx_word' id='word_1_197' title='bbox 1126 3795 1541 3849; x_wconf 77' lang='lat' dir='ltr'><strong>communication.</strong></span> 
     </span>
    </p>
   </div>
  </div>
 </body>
</html>
