3300 4634
868 599 953 661 98
1385 607 1890 655 πηιιηεοτοκη
1935 607 2114 653 vrrs.

864 758 1101 832 hostes,
1124 752 1315 837 juxta
1334 754 1439 815 ae'
1459 752 1629 815 cives
1654 750 2020 815 Americani
2045 748 2242 831 longe
2265 747 2448 813 aliter
2477 750 2648 815 aesti-

866 867 1151 929 mabant.
1234 864 1421 927 Error
1448 862 1587 937 iste,
1616 882 1660 923 a
1686 860 2202 940 Washingtonio,
2231 860 2463 943 quippe
2503 862 2644 943 qui⁸

866 974 1295 1039 multitudinis
1324 993 1579 1055 magne
1598 970 1902 1054 speeiem⁸
1925 970 2192 1052 praebere
2217 972 2468 1047 avebat,
2493 992 2643 1034 oon-

868 1086 1037 1149 sulto
1078 1085 1423 1149 fovebatur.
1500 1081 1836 1157 Praefectis,
1875 1080 1946 1143 in
1981 1080 2156 1156 loeis,
2187 1086 2318 1162 quo
2361 1080 2643 1143 hostium

870 1197 1063 1280 eopioe
1103 1196 1369 1259 minime
1414 1192 1718 1257 accedere
1755 1200 2062 1275 poterant,
2093 1189 2430 1274 dispositio,
2473 1212 2644 1255 eom-

870 1318 1127 1373 meatus
1168 1307 1461 1369 invicem*
1495 1303 1796 1367 facillime
1825 1302 2161 1367 dabantur.
2251 1303 2460 1380 Error,
2489 1324 2646 1384 quo-

870 1438 1015 1501 que,
1038 1437 1163 1500 quo
1180 1416 1551 1479 laborabant
1573 1415 1804 1490 hostes,
1826 1413 1904 1476 de
1926 1432 2076 1476 vero
2095 1413 2376 1477 militum
2397 1414 2644 1477 Ain-

870 1544 1177 1591 oanorum
1204 1544 1490 1602 numero,
1513 1524 2082 1605 Washingtonium
2109 1524 2378 1608 ejusque
2407 1525 2645 1587 exerei-

872 1649 1015 1701 tum
1051 1638 1136 1699 ab
1187 1637 1361 1701 omni
1408 1636 1654 1719 impetu
1701 1634 1916 1699 hostili
1964 1645 2184 1699 tutum
2229 1655 2644 1719 securumque

872 1746 1159 1811 reddidit.

962 1857 1141 1920 Dum
1170 1858 1493 1939 regionem
1520 1856 1706 1919 illam
1731 1858 1966 1941 passim
1993 1856 2428 1921 lustrabantur
2457 1859 2646 1941 oopiae

876 1967 1195 2045 colonicae,
1226 1968 1514 2031 Britones
1552 1968 1932 2051 populatum
1965 1978 2278 2031 exeuntes
2305 1970 2646 2043 vexabant,

875 2078 1165 2161 intraque
1224 2079 1383 2141 fines
1436 2077 1706 2159 exiguos
1755 2098 1892 2141 sese
1942 2078 2260 2142 continere
2310 2079 2645 2160 cogebant.

872 2189 1361 2253 velitationibus
1411 2188 1736 2251 nonnullis
1778 2187 1939 2251 duos
1977 2190 2139 2251 inter
2167 2188 2486 2251 exereitus
2531 2188 2650 2251 ali-

874 2300 1161 2381 quandiu
1192 2298 1398 2375 faetis‚
1427 2299 1633 2361 hiems
1663 2299 1908 2380 reliqua
1937 2299 2228 2363 traducta
2257 2311 2374 2363 est.

964 2410 1106 2474 Etsi
1145 2409 1285 2492 jam
1316 2410 1529 2485 antea,
1560 2409 1684 2471 hoe
1712 2409 1888 2485 libro,
1919 2410 2073 2472 satis
2100 2409 2308 2473 multa
2333 2408 2416 2471 de
2459 2409 2650 2491 hujus

874 2520 1033 2585 anni
1072 2519 1257 2583 rebus
1302 2520 1495 2601 gestis
1539 2519 1713 2583 dieta
1741 2521 1890 2597 sint,
1920 2541 2152 2604 pauca,
2184 2531 2423 2597 tamen,
2453 2520 2651 2583 disse-

874 2652 1029 2707 rere,
1076 2641 1142 2693 et
1188 2630 1405 2713 paullo
1458 2631 1647 2695 altius
1697 2630 1992 2712 quaedam
2048 2643 2350 2715 repetere,
2403 2641 2650 2715 tempus

880 2738 1228 2803 admonuit.
1320 2740 1583 2821 Mag-nae.
1612 2752 1798 2803 erant
1821 2741 2226 2805 difficultates
2247 2762 2398 2805 oum
2423 2744 2654 2823 quibus

880 2846 1377 2914 conflictandum
1430 2860 1565 2911 erat
1611 2851 2121 2935 Washingtonio,
2165 2854 2244 2915 ob
2296 2854 2655 2917 exercitum

878 2958 1371 3025 sustentandum
1416 2981 1492 3024 ae
1538 2963 1962 3027 vestiendum.
2056 2963 2196 3040 Hae,
2241 2972 2488 3040 autem,
2522 2985 2656 3027 non

876 3072 1025 3139 solae
1070 3082 1250 3135 erant
1290 3093 1431 3154 quae
1478 3072 1650 3136 heroi
1695 3085 1928 3151 nostro,
1965 3074 2090 3137 hoe
2133 3084 2432 3157 tempore,
2464 3075 2654 3139 undi-

878 3201 1005 3260 que
1056 3181 1397 3245 instabant.
1492 3183 1964 3265 Pennsylvania
2013 3196 2079 3247 et
2131 3186 2421 3249 Caesarea
2469 3184 2655 3249 Nova

881 3308 1034 3351 eum
1079 3292 1267 3357 enixe
1308 3303 1373 3356 et
1400 3298 1792 3379 magnopere
1821 3297 2222 3379 flagitabant,
2253 3308 2330 3359 ut
2371 3296 2655 3359 hostium

880 3398 1267 3464 incursiones
1320 3424 1361 3465 a
1405 3404 1694 3469 domibus
1738 3407 1870 3469 suis
1925 3408 2328 3492 propulsaret.
2424 3406 2546 3470 His
2587 3407 2656 3468 in

883 3506 1241 3571 civitatibus
1284 3513 1491 3605 plures
1534 3520 1739 3592 fuere,
1779 3519 1886 3599 qui
1933 3518 2322 3581 damnorum
2367 3518 2656 3601 pristino-

881 3609 2659 3637 Ἢ

944 3651 962 3684 1
994 3643 1139 3691 Juxta
1157 3660 1223 3705 ac,
1246 3648 1277 3673 ‘⁴
1292 3662 1349 3696 as
1362 3650 1470 3696 well
1489 3657 1590 3701 αρ’

941 3727 965 3763 2
1000 3719 1179 3783 Quippe
1199 3722 1294 3783 qvi,
1316 3724 1347 3749 “
1362 3721 1533 3785 since?
1552 3725 1582 3775 i.
1594 3742 1651 3789 e.‚
1673 3744 1730 3777 ss
1749 3746 1840 3779 one
1859 3732 1985 3793 who,
2007 3747 2064 3781 as
2080 3730 2230 3796 being
2247 3744 2342 3781 one
2361 3729 2490 3779 who.

940 3803 964 3839 ⁸
998 3796 1215 3860 ῧμθίὲπῑ,
1238 3800 1269 3826 “
1281 3798 1361 3849 the
1380 3798 1561 3862 show,”
1580 3819 1634 3853 or
1650 3821 1964 3869 appearance.

941 3879 967 3915 ⁴
1004 3872 1300 3939 emimontu,
1326 3878 1425 3941 ᾦα,
1448 3879 1477 3906 “
1490 3880 1891 3934 communication
1909 3890 1960 3935 to
1979 3882 2080 3934 and
2091 3882 2208 3933 sm?
