3300 4634
1196 578 1700 627 wssmncromx
1745 580 1922 625 vm„
2363 561 2450 625 ⁹5

674 719 933 799 abirent,
981 721 1401 807 militiamque
1447 723 1706 787 omnine
1749 722 2170 785 detrectarent
2213 722 2448 787 milites

670 833 823 895 satis
853 832 1117 895 feliciter
1148 834 1407 898 obstitit.

758 943 1213 1027 supplementa
1240 944 1521 1028 pluribus
1550 944 1884 1029 provinciis
1913 945 2294 1029 conscripta¹
2325 966 2446 1007 nu-

664 1072 915 1117 merum
960 1055 1237 1118 militum
1291 1067 1605 1119 statutum
1665 1056 1844 1119 haud
1899 1067 2442 1138 exaequavemnt:

666 1176 971 1243 attamen,
988 1166 1144 1230 dum
1168 1188 1305 1230 sese
1328 1168 1619 1231 Britanni
1644 1168 1825 1230 Novo
1850 1166 2136 1230 Eboraco
2162 1167 2446 1229 contine-

664 1276 841 1353 bant,
871 1278 1090 1339 multis
1120 1279 1315 1361 copiis
1344 1279 1762 1343 auxiliaribus
1789 1280 2074 1342 firmatus
2101 1277 2448 1360 Washing·

663 1388 897 1450 tonius.
960 1388 1170 1466 Tunc,
1186 1388 1464 1467 demum,
1482 1402 1689 1453 castra
1707 1391 1926 1466 movit,
1943 1401 2007 1451 et
2031 1389 2211 1452 haud
2230 1389 2447 1472 procul

666 1499 713 1561 a
744 1498 1095 1561 Brunsvico
1126 1499 1431 1575 consedit,
1458 1511 1790 1581 castraque
1820 1510 1919 1560 >est
1947 1510 2244 1559 metatus·

732 1609 963 1685 Locus,
978 1628 1172 1689 quern
1186 1609 1401 1671 castris
1414 1609 1762 1691 delegerat,
1775 1612 2009 1671 natura
2023 1607 2230 1670 editus
2242 1607 2451 1669 muni-

664 1728 895 1801 tusque
912 1720 1074 1797 fuit;
1126 1718 1458 1803 aditusque
1483 1719 1565 1784 ad
1590 1720 2056 1803 Washingtonii
2079 1730 2285 1782 castra
2306 1719 2449 1783 hos-

665 1831 829 1896 tium
859 1830 1051 1915 copiis
1092 1828 1254 1894 adeo
1298 1829 1589 1909 difficilis,
1624 1843 1696 1895 ut
1736 1830 1970 1909 hosteS,
2001 1831 2120 1893 nisi
2164 1831 2448 1894 maximo

665 1940 965 2025 periculo,
1008 1942 1505 2026 appropinquare
1557 1954 1674 2006 aut
1703 1944 2004 2007 accedere
2033 1943 2298 2008 minime
2339 1964 2447 2027 po-

668 2064 891 2117 terant.
988 2054 1211 2131 Hinc,'²
1260 2054 1579 2117 Coesareas
1622 2057 1945 2132 tuebatur,
1987 2055 2160 2133 hinc,
2207 2064 2444 2131 autem,

667 2166 979 2229 exercitus
1022 2166 1315 2229 Britanni
1356 2177 1567 2229 motus
1611 2186 1834 2229 omnes
1879 2165 2100 2229 sedule
2131 2166 2442 2227 servabat.

670 2274 921 2339 insidiae
950 2266 1169 2337 multae
1199 2275 1447 2357 dolique
1482 2296 1523 2337 a
1553 2273 1716 2338 duce
1748 2275 2072 2353 Britanno,
2106 2274 2188 2337 ad
2218 2274 2448 2337 Wash-

668 2386 1027 2471 ingtonium
1068 2407 1153 2448 ex
1198 2386 1317 2449 hoc
1365 2397 1501 2449 tam
1546 2386 1874 2449 commodo
1913 2398 2175 2467 tamque
2222 2385 2448 2451 idoneo

667 2496 804 2561 loco
862 2495 1271 2571 eliciendum,
1330 2496 1655 2557 incassum
1715 2496 2116 2557 struebantur
2141 2499 2191 2570 ;⁸
2253 2515 2446 2574 quare

668 2606 1183 2689 Philadelphiam
1214 2604 1405 2689 copiis
1448 2604 1780 2667 maritimis
1829 2603 2098 2687 aggredi
2128 2604 2327 2667 satius
2357 2604 2449 2666 vi-

668 2738 854 2794 sum:
900 2738 1042 2801 quae
1086 2717 1515 2803 pulcherrima
1557 2718 1726 2794 urbs,
1771 2716 2199 2779 resistentibus
2242 2716 2448 2780 sortis-

668 2830 830 2895 sime
863 2830 1281 2907 AmericaniS,
1312 2841 1451 2913 post
1479 2851 1767 2914 pugnam
1795 2830 2057 2912 longam
2088 2840 2446 2893 cruentam-

670 2962 813 3023 que,
846 2940 1107 3003 ta-ndem
1136 2952 1532 3023 expugnata.
2119 2937 2125 2943 ’

731 3146 749 3180 1
788 3139 1123 3201 supplementa,
1148 3141 1247 3199 ξω,
1270 3138 1387 3187 “the
1407 3139 1603 3189 recruits
1624 3138 1780 3188 raised
1800 3138 1849 3186 in
1871 3136 2049 3186 several
2070 3136 2362 3202 provinces.”

728 3222 755 3259 ι
785 3215 927 3275 Hinc,
950 3216 1056 3261 “on
1074 3214 1157 3262 the
1174 3229 1271 3263 one
1287 3213 1465 3276 haud?
1484 3216 1561 3277 he,
1584 3216 1714 3278 (tint
1731 3215 1789 3276 is,
1809 3213 2180 3279 Washington,)
2202 3214 2442 3281 pmteoeed

668 3290 749 3341 the
764 3290 997 3355 Jersey23
1032 3291 1157 3352 binc,
1179 3293 1211 3318 ‘⁴
1224 3306 1289 3339 on
1309 3290 1389 3339 the
1408 3290 1543 3339 other
1560 3291 1740 3352 hand,”
1760 3293 1850 3339 stc.

728 3375 752 3411 ⁸
781 3368 1021 3417 Incassum
1038 3368 1351 3429 struebantur,
1371 3370 1401 3395 “
1414 3381 1540 3416 were
1557 3364 1609 3415 in
1627 3366 1740 3415 vain
1759 3366 1900 3417 laide‘
