3300 4634
1185 445 1270 510 ⁸8
1705 459 2213 508 tuamne-romi
2260 459 2441 506 nrt.-

1183 603 1352 669 cindi
1371 613 1650 688 oportere
1676 601 1857 664 dixit.
1922 603 2125 686 Cujus
2147 601 2433 686 precibus
2458 601 2970 683 obtemperavero

1185 716 1476 791 comitia;
1525 723 1845 796 tantaeque
1876 715 2123 776 virtutis
2150 715 2219 775 in
2257 712 2607 797 proemium,
2636 711 2973 774 Guberna-

1185 837 1285 890 tor
1302 825 1723 907 virginiensis
1742 845 1893 888 eum
1916 824 2108 908 copiis
2127 823 2417 887 omnibus
2441 823 2775 907 provinciae
2798 821 2973 884 illius

1186 937 1508 1022 praefecit.

1275 1049 1470 1113 Anno
1495 1047 1835 1112 millesimo
1864 1047 2425 1132 septingentesimo
2447 1047 2977 1130 quinquagesimo

1189 1170 1438 1240 octavo,
1467 1160 1657 1224 heros
1684 1171 1897 1224 noster
1932 1159 2236 1246 juvenilis
2266 1159 2579 1224 exercitus
2610 1158 2791 1221 ducis
2818 1157 2977 1222 For-

1187 1271 1346 1336 besii
1373 1282 1625 1356 partem
1654 1269 1967 1348 ductavit,
1994 1280 2081 1348 et,
2110 1270 2587 1356 propugnaculo
2627 1268 2977 1352 Duquesne

1191 1381 1520 1468 capiendo,
1543 1402 1681 1445 sese
1706 1381 2052 1466 insignivit.
2132 1382 2275 1446 Hoc
2294 1380 2461 1444 bello
2484 1381 2750 1443 feliciter
2774 1389 2975 1463 gesto,

1191 1495 1480 1560 animum
1511 1493 1595 1558 ad
1621 1495 1715 1558 rei
1742 1494 2033 1558 militaris
2062 1493 2393 1558 scientiam
2421 1491 2716 1556 intendit.
2806 1491 2979 1556 Veli-

1191 1608 1466 1669 tationes
1521 1607 1751 1668 crebrae
1806 1627 1959 1670 cum
2009 1607 2215 1670 Gallis
2275 1605 2591 1688 Indisque,
2642 1604 2797 1667 locis
2849 1603 2979 1686 syl-

1195 1715 1502 1778 vestribus
1555 1715 1725 1774 circa
1768 1716 1951 1791 fines,
1993 1716 2400 1795 vigilantiam
2448 1715 2982 1799 prudentiamque

1198 1822 1536 1902 edocuere,
1567 1843 1999 1905 ausorumque
2037 1843 2429 1904 magnorum
2460 1827 2841 1888 aviditatem
2873 1845 2985 1906 ge-

1199 1937 1422 1999 nuere.
1519 1934 1757 2018 Copiae,
1788 1954 1950 2015 quas
1991 1932 2323 2010 ductabat,
2356 1944 2577 1995 contra
2623 1933 2837 1995 hostes
2884 1956 2985 1997 as·

1200 2046 1550 2110 tutissimos
1597 2045 1930 2127 confligere
1961 2043 2280 2129 paulatim
2310 2053 2464 2107 sunt
2501 2047 2993 2109 assuefactae.—

1203 2155 1541 2224 Gallorum
1573 2155 1947 2240 agilitatem,
1979 2155 2409 2240 Indorumque
2434 2157 2771 2233 feritatem,
2798 2178 2985 2241 supe-

1201 2271 1371 2333 ravit
1427 2268 1681 2332 virtute.
1785 2269 2092 2333 Plurimis
2148 2268 2375 2353 praeliis
2433 2268 2615 2332 victis
2672 2268 2984 2345 hostibus,

1199 2379 1524 2464 longeque
1580 2391 1755 2443 trans
1801 2382 1960 2444 fines
2014 2379 2325 2444 colonicos
2360 2380 2673 2443 recedere
2729 2381 2982 2457 coactis,

1201 2491 1848 2580 propugnaculisque,
1896 2513 2041 2575 quae
2085 2493 2451 2556 secundum
2495 2491 2771 2555 fluvium
2818 2490 2988 2555 Ohio

1205 2614 1477 2686 ceperat,
1521 2603 1827 2684 praesidio,
1874 2602 2043 2683 quod
2097 2603 2253 2664 satis
2298 2601 2653 2679 videbatur,
2700 2601 2987 2678 munitis,

1207 2712 1553 2780 Forbesius
1587 2711 1929 2795 imperator
1956 2713 2318 2774 exercitum
2356 2713 2425 2775 in
2452 2713 2868 2778 hibernacula
2894 2734 2989 2776 re-

1213 2819 1425 2886 (luxit.

1299 2929 1424 3000 Per
1453 2933 1575 2998 hoc
1603 2934 1850 2998 bellum
1880 2933 2319 3011 decretorium,
2355 2935 2528 3018 quod
2573 2937 2829 3000 coloniis
2859 2957 2993 2999 me-

1212 3049 1333 3114 diis
1387 3047 1838 3128 tranquillitati
1894 3046 2218 3129 salutique
2269 3049 2412 3125 fuit,
2463 3048 2995 3132 Washingtonius

1214 3156 1460 3224 multas
1496 3154 1900 3220 difficultates
1945 3177 2269 3242 perpessus
2298 3169 2393 3222 est
2431 3160 2663 3242 quibus
2693 3159 2995 3223 valetudo

1217 3266 1742 3332 imminuebatur.
1818 3269 2242 3334 ‘Pulmonum
2302 3273 2542 3348 morbo,
2604 3271 2996 3356 corporisque

1221 3377 1542 3442 debilitate
1589 3392 1926 3466 correptuS,
1975 3384 2202 3446 munia
2252 3381 2554 3444 militaria
2607 3384 2772 3446 obire
2818 3381 2999 3446 haud

1219 3499 1491 3576 poterat,
1515 3493 1831 3572 quocima,
1860 3494 2127 3555 ineunte
2151 3513 2299 3554 vere
2328 3494 2483 3556 anni
2510 3495 2832 3558 millesimi
2861 3516 2998 3578 sep-

1221 3601 1661 3684 tingentesimi
1692 3601 2209 3686 quinquagesimi
2238 3607 2409 3681 noni,
2441 3605 2699 3689 imperio
2729 3629 2796 3670 se
2829 3605 3001 3671 abdi-

1224 3714 1415 3792 cavit,
1446 3713 1970 3798 Vernoniumque
2007 3714 2091 3778 ad
2128 3726 2414 3782 montem
2458 3719 2741 3782 secessit.
2828 3717 3002 3800 Erga

2188 4555 2651 4568 V—-r—‘r—--f—-n
2666 4554 2895 4564 -fflfi-r———
2910 4555 3025 4564 ..η-
