3300 4634
1215 489 1721 534 wasnmaroml
1768 489 1945 533 VITA.
2385 469 2471 531 47

785 635 1150 700 Hominum
1193 633 1530 696 liberorum
1573 633 1875 696 effrenem
1916 629 2239 694 licentiam
2284 627 2471 692 disci-

697 747 884 830 plinae
930 746 1188 809 militari
1231 748 1488 829 repente
1529 745 1857 827 subjicere,
1888 742 2275 806 difficultatis
2319 761 2471 824 pru-

697 855 1054 938 dentiaeque
1113 866 1284 918 erat:
1363 875 1586 937 quam,
1645 865 1885 931 tamen,
1946 850 2471 934 Washingtonius

697 967 954 1030 solertia
997 967 1180 1044 mira,
1213 967 1456 1048 sibique
1485 968 1615 1030 fere
1657 966 1923 1050 propria,
1954 965 2257 1028 facillime
2302 983 2473 1026 coer-

699 1078 852 1142 cuit.
951 1079 1158 1162 Copiis
1179 1079 1526 1155 recensitis,
1554 1077 1691 1140 hoec
1720 1077 1803 1140 ad
1832 1078 2263 1159 congressum
2284 1075 2473 1159 scrip-

697 1191 778 1254 sit
795 1213 820 1268 .;
878 1197 918 1228 “
945 1191 1050 1254 Ad
1080 1191 1431 1254 exercitum
1465 1189 1953 1266 conficiendum,
1986 1189 2291 1251 eximiam
2332 1207 2475 1251 ma·
2579 1192 2591 1202 '

697 1303 943 1380 teriem,
988 1303 1150 1365 viros
1195 1304 1500 1379 robustos,
1547 1289 1927 1384 virtutisque
1972 1301 2363 1377 indubitatae,
2410 1311 2478 1362 et

697 1433 931 1490 causae,
977 1413 1058 1474 de
1103 1418 1236 1496 qua
1285 1425 1590 1490 certatur,
1633 1413 1965 1488 studiosae,
2006 1413 2114 1473 hic
2163 1409 2477 1500 inveni0.'’

699 1526 938 1590 Iisdem
983 1523 1194 1602 literis,
1239 1524 1391 1587 belli
1436 1527 1796 1608 apparatae,
1828 1523 2161 1585 castrensis
2198 1525 2479 1598 ornatos,

697 1637 1182 1718 multorumque
1235 1655 1509 1718 quorum
1568 1634 1900 1718 indigebat
1954 1634 2289 1710 exercituS‚
2344 1621 2481 1696 ino-'-

698 1748 872 1833 piam
903 1758 1290 1829 conquestus
1319 1756 1434 1809 est.
1525 1746 2073 1828 Washingtonius,
2108 1765 2321 1808 coram
2354 1721 2479 1807 *ex-

700 1859 918 1936 ercitu,
941 1859 1444 1948 expositionem,¹
1469 1859 1514 1922 a
1537 1858 1903 1940 Congressu
1930 1858 2102 1942 prius
2122 1866 2477 1935 exaratam,

699 1970 847 2033 belli
893 1970 1271 2054 suscipiendi
1303 1990 1536 2032 causas
1564 1970 2009 2051 rationemque
2044 1969 2477 2045 exhibentem,

701 2082 948 2144 recitari
1007 2093 1072 2143 et
1116 2082 1508 2165 promulgari
1557 2081 1766 2164 jussit.
1862 2082 2097 2144 Haecce
2150 2080 2479 2164 expositio,

703 2213 990 2256 sermone
1039 2192 1184 2255 forti
1233 2193 1487 2276 scripta,
1527 2191 1701 2255 locos
1752 2192 1869 2254 hos
1913 2191 2198 2273 insignes
2242 2211 2367 2276 prae
2412 2209 2481 2253 se

705 2304 896 2368 tulit:

795 2423 838 2453 “
859 2417 929 2480 Si
972 2416 1282 2493 homines»,
1313 2417 1552 2479 ratione
1598 2416 1857 2499 praediti,
1890 2417 2185 2478 animum
2222 2415 2305 2478 ad
2351 2435 2485 2478 cre-

709 2525 995 2590 dendum
1039 2525 1366 2602 inducant,
1399 2536 1643 2588 naturae
1690 2535 1913 2588 nostrae
1961 2535 2285 2588 auctorem
2330 2525 2487 2589 divi-

709 2657 894 2713 num,
950 2637 1220 2700 humani
1280 2636 1529 2720 generis
1587 2631 1852 2722 partem,
1911 2637 2181 2700 aliorum
2244 2659 2487 2724 posses-

709 2749 912 2812 siones
953 2747 1270 2827 invadere,
1309 2749 1777 2834 imperiumque
1822 2750 1887 2813 in
1922 2750 2076 2814 alios
2117 2751 2489 2815 intermina-

711 2863 880 2924 tum⁸
925 2881 1236 2938 exercere,
1278 2861 1597 2938 voluisse3
1658 2861 1907 2943 Deique
1952 2862 2173 2946 optimi
2215 2864 2487 2926 maximi

711 2971 1025 3034 infinitam
1085 2972 1464 3055 sapientiam
1523 2973 2029 3054 bonitatemque,
2088 2972 2243 3034 alios
2298 2973 2489 3056 justoe

713 3082 1124 3147 dominationi
1170 3081 1475 3160 addictos,
1505 3085 1848 3161 obstrictOS‚
1880 3083 2145 3161 deditos,
2178 3083 2317 3146 aliis
2364 3095 2490 3152 tra-

713 3195 858 3260 dere
889 3175 1186 3257 statuisse
1213 3217 1229 3272 ;
1284 3193 1518 3256 harum
1563 3194 1955 3280 coloniarum
1986 3194 2217 3257 accolae
2248 3194 2492 3278 indige-

713 3329 963 3390 meque,
987 3306 1030 3368 {1
1060 3307 1304 3371 Senatu
1327 3305 1625 3388 Anglico,
1651 3305 1910 3388 aliquod
1938 3304 2269 3383 indicium,
2296 3306 2489 3388 quod,

717 3417 1117 3500 tyrannidem
1161 3417 1332 3486 hanc
1377 3417 1583 3480 diram
1631 3415 1861 3498 Anglis
1906 3417 2215 3500 praecipue
2268 3417 2491 3480 datam

782 3615 800 3648 ι
833 3608 1192 3668 Expositionem,
1211 3611 1242 3637 “
1257 3623 1290 3656 a
1305 3609 1608 3672 declaration,
1623 3608 1997 3674 orexposition,”
2018 3607 2199 3672 setting
2208 3607 2331 3656 forth
2342 3605 2494 3669 griev-

720 3683 1206 3819 ωῗῗαειαζηηατωηι,
1229 3759 1258 3786 “
1270 3757 1544 3808 unlimited”
1563 3776 1618 3810 or
1635 3763 1667 3789 ‘⁴
1678 3760 1967 3810 boundless”
1986 3770 2165 3823 power.
