3300 4634
1262 533 1768 580 WAsnmuromi
1817 533 1994 580 vl‘m.

720 681 835 744 nti
878 679 1065 741 navis
1107 676 1305 758 longa
1350 678 1762 752 Amerioana,
1805 697 1957 738 eum
2011 677 2094 739 ad.
2147 697 2184 738 o

736 789 1044 854 columbi
1067 787 1344 852 vehendi
1374 790 1594 865 eausa,
1627 787 2072 852 dimitteretur.
2150 789 2517 853 Americani

739 922 959 966 omnes
990 901 1165 963 hune
1195 911 1330 963 tam
1362 901 1610 963 clarum
1639 912 2174 985 propugnatorem
2205 913 2269 964 et
2299 901 2517 966 defen-

733 1033 942 1077 sorem
970 1012 1279 1075 libertatis
1307 1011 1519 1076 videre
1548 1012 2111 1079 vehementissime
2139 1016 2373 1098 cupiun
2382 1027 2424 1079 t.

834 1123 1027 1200 Quod
1068 1125 1121 1187 si
1164 1144 1457 1208 unquam
1506 1122 1589 1187 ad
1634 1137 1774 1187 oras
1816 1124 2233 1191 Americanas
2271 1127 2379 1188 ille
2423 1127 2532 1190 vir-

730 1231 1017 1318 ·inelytus
1062 1236 1395 1321 appulerit,
1442 1236 1828 1314 Americani,
1857 1236 2170 1300 libertate¹
2211 1239 2514 1316 fruentes,

736 1351 929 1432 opera
971 1350 1109 1434 ejus
1154 1349 1443 1413 maxime
1488 1351 1694 1432 parta,
1720 1349 2198 1435 Washingtonii
2229 1352 2517 1414 amioum

739 1469 812 1521 et
840 1461 1215 1524 familiarem
1245 1451 1581 1538 eximium,
1610 1461 1846 1524 honore
1877 1483 2148 1540 summo,
2177 1463 2518 1546 proculdu-

738 1572 863 1650 bio,
888 1575 1365 1658 prosequentur.
1446 1572 1724 1656 Nosque,
1755 1573 1822 1636 in
1842 1573 1968 1636 hAo
1997 1573 2323 1657 republica
2356 1573 2516 1638 Ohi-

732 1686 936 1764 oensi,
976 1689 1021 1750 a
1064 1685 1545 1770 tempestatibus
1592 1695 1660 1747 et
1700 1684 1881 1747 bellis
1925 1685 2244 1770 Europaeis
2299 1688 2518 1772 procul

732 1797 987 1875 amoti,¹⁸
1030 1798 1295 1880 aliquid,
1356 1797 1568 1860 virum
1622 1795 1823 1860 talem
1881 1797 2230 1862 honorandi
2293 1800 2514 1877 eausa,

735 1909 1074 1994 scripsisse,
1120 1910 1311 1975 valde
1363 1909 1693 1993 gestimus
1792 1909 2012 1985 Quod⁸
2059 1911 2111 1972 si
2163 1911 2348 1974 illum
2398 1933 2518 1975 un-

734 2041 935 2105 quam
966 2009 1240 2107 aspicere
1261 2023 1442 2086 nobis
1462 2023 1629 2086 conti
1639 2023 1823 2106 gerit,
1846 2045 2041 2107 quam
2067 2035 2321 2107 gratum
2343 2045 2518 2110 spee-

732 2137 1035 2211 taoulum
1080 2137 1279 2199 oculis
1325 2136 1557 2200 nostris
1602 2137 1938 2200 offeretur!
2031 2137 2220 2199 'hine
2252 2139 2520 2203 fortasse

739 2267 895 2309 eum
940 2234 1224 2309 sermone
1270 2247 1518 2313 Gallico
1566 2245 1804 2329 alloqui
1836 2257 1902 2308 et
1932 2247 2309 2330 compellare
2341 2247 2518 2308 nobis

737 2358 971 2422 licebit.
1064 2353 1419 2439 Libertatis,
1470 2361 1668 2438 enim,
1717 2369 2028 2423 amatores
2087 2379 2312 2422 omnes
2365 2377 2519 2421 eum

736 2471 973 2536 honore
1004 2493 1261 2536 summo
1288 2472 1580 2557 prosequi
1612 2471 1863 2535 debent.

829 2585 982 2663 Alii,
1012 2585 1290 2668 insuper,
1322 2586 1583 2654 fuerunt
1614 2582 1810 2668 Galu,
1835 2582 1942 2666 qui
1969 2583 2199 2645 martia
2220 2583 2298 2646 ob
2319 2583 2522 2647 Ame-

742 2699 940 2762 ricam
997 2697 1345 2784 pugnando
1391 2697 1661 2760 vulnera
1707 2697 1912 2782 passi:
1983 2699 2112 2760 eos⁴
2171 2695 2521 2779 gratiarum

744 2811 988 2873 actione
1020 2809 1327 2893 dignatus
1359 2820 1455 2872 est
1488 2809 1900 2899 Congressua
1955 2808 2334 2887 LudovicuS,
2367 2830 2523 2897 quo·-

744 2944 891 3006 que,
924 2923 1149 2987 Galliae
1194 2944 1327 3000 rex,
1374 2924 1614 3008 optime
1661 2922 1738 2986 de
1787 2922 2075 2990 libertate
2107 2922 2522 2997 American&

744 3037 913 3099 certe
942 3036 1203 3098 meritus
1234 3046 1350 3111 est,
1373 3035 1514 3118 qui,
1549 3033 1872 3096 Britannis
1901 3035 2071 3093 terra
2102 3031 2386 3110 marique
2413 3049 2524 3112 po-

806 3223 823 3256 1
856 3215 1101 3276 Libertate,
1117 3217 1217 3276 sea,
1235 3218 1266 3246 ‘⁴
1278 3214 1505 3280 enjoying
1517 3215 1702 3279 liberty,
1715 3210 1959 3273 obtained,
1969 3209 2156 3282 chiefly,
2167 3211 2236 3275 by
2247 3209 2322 3258 his
2337 3225 2524 3272 means,

742 3291 859 3352 will,
880 3291 1142 3353 doubtless,
1164 3291 1332 3356 highly
1352 3291 1505 3341 honor
1536 3291 1617 3344 the
1648 3289 1810 3343 ehoioe
1845 3287 1998 3337 friend
2033 3285 2130 3342 and
2160 3286 2365 3342 fanfiliar
2396 3303 2525 3338 com-

741 3367 922 3432 panion
942 3368 1000 3418 of
1007 3367 1390 3432 Washington.”

807 3451 831 3486 ³
859 3445 1028 3506 Amori,
1064 3449 1164 3506 ᾦα,
1198 3445 1313 3493 “sar
1349 3442 1571 3494 removed
1609 3443 1732 3497 from
1761 3443 1844 3494 the
1878 3441 2028 3506 (civil)
2063 3441 2393 3505 commotionS,
2430 3444 2527 3494 and

740 3535 872 3570 wars
890 3521 947 3570 of
955 3521 1162 3586 Europe,
1184 3521 1370 3586 greatly
1389 3521 1560 3592 rej‘oice
1578 3528 1629 3570 to
1646 3521 1762 3570 bave
1782 3518 1970 3568 written
1991 3519 2306 3586 something,”
2327 3522 2412 3570 Sto.

806 3605 829 3638 ⁸
864 3599 1015 3660 Quod,
1042 3602 1141 3660 spa,
1164 3601 1193 3626 “
1206 3600 1293 3654 but
1310 3598 1355 3647 if
1374 3598 1410 3648 it
1440 3597 1609 3648 should
1640 3613 1754 3646 ever
1770 3597 1964 3661 happen
1985 3603 2035 3646 to
2053 3612 2132 3646 me
2151 3591 2201 3646 to
2219 3593 2390 3645 behold
2410 3592 2524 3654 him,

740 3674 823 3724 La
840 3674 1060 3738 Fayette,
1081 3675 1193 3724 how
1214 3674 1417 3741 grateful
1440 3692 1470 3723 a
1486 3675 1727 3738 speetaele
1747 3673 1844 3722 will
1867 3675 1924 3722 be
1944 3673 2118 3731 offered
2137 3677 2187 3720 to
2201 3685 2283 3734 my
2302 3668 2461 3738 eyes-l’

805 3759 827 3792 ⁴
858 3751 969 3812 Eos,
992 3751 1281 3817 “Congress
1302 3751 1591 3800 vouchsafed
1614 3751 1746 3800 them
1769 3749 1872 3811 (the
1892 3749 2026 3798 other
2043 3745 2233 3799 French
2261 3741 2468 3806 officere)
2494 3757 2526 3792 a

740 3831 855 3881 vote
874 3826 1089 3876 osthank
1096 3832 1167 3879 s.”
