3300 4634
1243 502 1753 548 wAsrrmeromr
1799 504 1977 549 viu.
2420 487 2503 551 27

717 649 970 729 ageret,
995 645 1259 728 illosque
1304 645 1661 710 hortaretur
1690 647 1787 710 uti
1814 647 1881 710 in
1912 647 2253 712 Britannos
2280 645 2503 712 fideles

721 768 1182 842 permanerent.
1275 757 1420 821 Hoc
1451 779 1715 822 munere
1744 759 1995 844 publico
2018 760 2251 824 mirum
2274 760 2342 822 in
2364 779 2503 824 mo·
2551 756 2559 766 ’

719 863 878 932 dum
907 873 1270 953 perfunctus
1293 881 1412 948 est,
1433 871 1743 953 quamvis,
1766 872 1995 956 quippe
2018 872 2129 955 qui
2154 870 2503 936 admodum

723 979 997 1064 juvenis,
1029 981 1293 1066 ideoque
1337 1003 1552 1045 rerum
1581 984 1913 1068 imperitus
1938 986 1983 1048 a
2018 984 2339 1047 nonnullis
2384 1006 2501 1068 pu-

717 1091 992 1170 tabatur,
1025 1103 1109 1171 et,
1137 1093 1204 1158 in
1233 1095 1468 1179 primis,
1493 1095 1647 1178 quia
1677 1096 1744 1158 in
1772 1095 2047 1178 negotiis
2074 1095 2199 1158 illis
2228 1096 2312 1158 ad
2344 1096 2501 1180 pub-

715 1203 984 1268 licarum
1013 1227 1224 1269 rerum
1249 1206 1661 1270 moderamen
1680 1207 2117 1292 spectantibus
2138 1205 2317 1270 haud
2334 1205 2503 1268 mul-

717 1325 858 1378 tum
889 1317 1316 1381 adolescentia
1345 1320 1484 1402 ejus
1513 1329 1765 1382 versata
1798 1329 1957 1396 erat,
1988 1318 2310 1402 imperitiae
2342 1317 2502 1381 diffi-

719 1423 938 1488 dentia
983 1429 1383 1508 quorundam
1428 1430 1675 1492 animos
1704 1430 2044 1491 invaserat.
2135 1427 2503 1491 Fatendum

715 1547 836 1615 est,
867 1547 1178 1614 attamen,
1205 1558 1324 1615 res,
1355 1537 1436 1600 de
1466 1539 1695 1620 quibus
1739 1540 2069 1620 agebatur,
2101 1540 2339 1602 natura
2383 1541 2506 1601 sua

716 1649 988 1712 maximi
1019 1649 1214 1710 fuisse
1235 1650 1576 1726 momenti;
1609 1671 1739 1710 non
1762 1650 1935 1710 enim
1954 1649 2159 1712 multo
2190 1659 2326 1734 post
2352 1649 2503 1713 belli

714 1760 879 1822 inter
921 1759 1066 1822 illas
1109 1759 1400 1822 nationes
1442 1779 1650 1822 causae
1688 1760 2110 1838 exstiterunt;
2158 1761 2328 1843 quod
2363 1761 2503 1844 qui-

717 1870 866 1934 dem
894 1871 1134 1934 bellum
1162 1871 1352 1954 longe
1381 1870 1634 1953 lateque
1662 1870 1987 1949 diffusum,
2012 1870 2096 1934 ad
2124 1891 2345 1935 omnes
2374 1864 2502 1936 fere

715 2003 866 2064 oras.
883 1983 1046 2046 orbis
1077 1993 1384 2046 terrarum
1413 1983 1719 2067 pervenit,
1756 1983 2103 2066 Gallosque
2134 1983 2303 2046 hanc
2350 2005 2501 2048 con-

715 2094 1026 2158 tinentem
1043 2094 1412 2178 relinquere,
1425 2115 1797 2178 quanquam
1816 2095 2045 2159 invitos
2058 2105 2125 2158 et
2138 2096 2499 2173 renitentes,

715 2207 946 2289 coegit.

803 2318 1136 2382 Reducem
1165 2319 1545 2402 salvumque
1575 2341 1661 2382 ex
1688 2321 1947 2404 negotio
1978 2331 2298 2385 tantorum
2342 2322 2503 2405 peri-

715 2430 1006 2494 culorum
1033 2431 1290 2513 repleto,
1323 2431 1498 2492 cives
1522 2430 1775 2511 ubique,
1802 2441 1867 2491 et
1896 2431 2073 2492 omni
2098 2431 2327 2506 studi0,
2356 2451 2505 2512 gra·

717 2541 952 2603 tiamm
979 2540 1226 2602 actione
1252 2539 1502 2622 dignati
1526 2549 1694 2602 sunt.
1774 2538 2149 2622 Diligentia,
2174 2539 2505 2619 industrie,

717 2663 784 2715 et
807 2650 1146 2734 vigilantia
1165 2650 1642 2733 Washingtonii
1666 2650 1877 2715 hocin
1904 2651 2131 2715 itinere
2158 2651 2503 2718 clarissime

715 2774 868 2828 sunt
897 2774 1272 2848 perspectae;
1307 2763 1525 2846 hique,
1549 2763 1661 2844 qui
1686 2763 1947 2826 easdem
1971 2765 2262 2847 regiones
2286 2776 2504 2849 postea

716 2886 1156 2960 peragrarunt,
1189 2874 1534 2958 plurimum
1564 2874 1783 2938 virtuti
1812 2875 2006 2938 simul
2037 2896 2113 2938 ac
2158 2876 2504 2958 diligentiae

718 2987 858 3070 ejus
887 3006 1024 3048 sese
1049 2985 1278 3048 debere
1308 2987 1789 3050 confitebantur.
1884 2985 2087 3049 Haud
2110 2986 2315 3050 multo
2344 2997 2503 3071 post,

719 3099 904 3162 heros
933 3107 1141 3160 noster
1163 3095 1468 3180 juvenilis
1486 3098 1532 3161 a
1552 3096 1934 3174 Dinwiddie,
1956 3097 2251 3180 Virginioe
2278 3098 2504 3181 guber·

721 3222 958 3288 natore,
993 3208 1078 3273 ad
1103 3211 1473 3294 praefectum
1506 3209 1833 3272 Gallicum
1862 3209 2093 3272 missus
2135 3219 2252 3286 est,
2283 3208 2363 3274 de
2407 3210 2505 3274 in-

724 3322 906 3406 juriis
935 3332 1256 3405 questum,
1281 3318 1537 3402 Anglis,
1568 3319 1677 3401 qui
1707 3340 1897 3403 prope
1928 3319 2169 3383 flumen
2198 3319 2367 3384 Ohio
2396 3320 2504 3384 de·

722 3435 979 3518 gebant,
1003 3445 1220 3498 contra
1239 3432 1479 3497 foedera
1503 3431 1909 3495 sanctissima
1930 3432 2147 3518 populi
2177 3434 2505 3517 utriusque

721 3547 934 3609 illatis.
1027 3545 1104 3606 In
1147 3545 1270 3607 hac
1314 3544 1657 3627 legatione,
1689 3565 2005 3627 magnum
2043 3555 2347 3608 eventum
2390 3543 2505 3605 ha-

722 3658 954 3732 bitura,
980 3655 1390 3736 animumque
1411 3655 1787 3739 prudentem
1808 3677 1984 3738 aeque
2008 3677 2083 3718 ac
2108 3651 2508 3736 impavidum

727 3769 1107 3860 postulante,
1123 3783 1232 3850 per
1258 3765 1544 3845 regiones
1562 3765 1843 3828 desertas
1864 3766 2089 3826 itinera
2112 3763 2281 3840 fecit,
2298 3777 2508 3839 neque
