3300 4634
1224 558 1728 605 wisurae-romi
1775 557 1951 603 viu.
2350 532 2470 601 119

699 724 741 767 a
768 702 1087 774 Clintorrio
1119 699 1204 764 ad
1230 701 1603 765 Comwallis
1626 702 1852 765 missas
1873 697 2150 775 tradidit,
2175 706 2240 761 et
2257 697 2474 761 statim

700 818 826 878 fere
872 814 1260 877 interficitur.
1357 813 1778 889 Obsessores3¹
1804 812 2074 889 interim,
2103 810 2474 886 (ἳὶιιιῐοῐιῑιῑ,8

704 946 939 991 navem
953 925 1233 1006 bugam
1285 924 1742 1000 Britannicam,
1771 923 1962 987 armis
2001 922 2344 1005 ignivomis
2381 921 2476 983 in·

706 1035 1067 1103 cendemnt.
1090 1072 1111 1088 ·-

798 1144 1119 1208 Comitem
1143 1144 1523 1208 Cornwallis
1554 1145 1674 1207 sub
1699 1145 1823 1207 hoc
1853 1155 2130 1226 tempus,
2160 1144 2476 1207 monitum

708 1256 893 1319 fuisse
918 1258 1155 1331 ferunt,
1187 1264 1283 1331 ut,
1313 1254 1533 1316 relicto
1562 1254 1870 1329 Eboraco,
1900 1253 2094 1315 saluti
2129 1274 2262 1316 suae
2301 1271 2478 1316 exer-

710 1367 1021 1448 citusquef'
1056 1375 1313 1447 receptu
1358 1363 1567 1435 celeri⁴
1616 1364 1931 1426 consulat.
2027 1363 2220 1439 Quod
2247 1364 2301 1427 si
2341 1385 2478 1429 sese

710 1476 975 1560 recipere
1022 1475 1313 1558 coepisset
1360 1473 1756 1551 CornwalliS,
1785 1484 1852 1535 et
1879 1474 1934 1535 si
1979 1474 2296 1537 exercitus
2339 1475 2479 1556 ejus

707 1588 995 1669 fugatuS,
1026 1596 1141 1649 aut
1178 1595 1405 1669 captus
1434 1584 1680 1671 fuisset,
1712 1583 1936 1646 nobilis
1971 1583 2152 1647 istius
2180 1583 2360 1648 ducis
2390 1595 2482 1647 te·

706 1698 967 1761 meritas
1014 1697 1223 1779 magis
1273 1694 1814 1779 reprehendenda,
1869 1697 2065 1777 quam
2114 1695 2314 1758 virtus
2366 1705 2482 1759 aut

709 1806 1009 1871 fortitudo
1056 1808 1125 1869 in
1172 1807 1447 1890 graviter
1489 1826 1686 1888 seque
1741 1807 2217 1890 exercitumque
2267 1805 2482 1871 defen-

713 1917 947 1994 dendo,
974 1916 1307 1981 laudanda
1335 1916 1671 1981 videretur.
1765 1916 2114 1986 Undecimo
2147 1916 2482 1983 obsidionis

706 2016 837 2105 die,
870 2028 1217 2091 obsessores
1272 2029 1527 2113 propius
1580 2028 1878 2093 accedere
1915 2041 2280 2115 coeperunt3
2323 2032 2485 2096 inte-

715 2140 831 2201 rim
861 2139 1179 2203 socioru'm
1207 2140 1301 2202 vis
1347 2160 1642 2216 crescere,
1674 2139 2245 2221 Britannorumque
2286 2142 2486 2205 virtus

716 2249 921 2311 indies
951 2248 1159 2311 minui
1190 2249 1391 2332 coepit.

809 2357 1123 2436 Tandem,
1156 2369 1396 2438 autem,
1425 2360 1796 2425 vulneribus
1823 2362 2044 2425 multis
2071 2360 2236 2425 datis
2269 2382 2490 2446 accep·

720 2470 947 2553 tisque,
1003 2470 1403 2548 Cornwallis,
1453 2483 1569 2535 aut
1626 2473 1982 2534 exercitum
2035 2471 2326 2547 dedendi,
2377 2483 2492 2534 aut

725 2581 1053 2643 communi
1104 2582 1395 2644 omnium
1444 2583 1656 2659 saluti,
1703 2585 1886 2665 fuga,
1937 2580 2330 2657 consulendi,
2381 2600 2492 2643 ne·

725 2692 1079 2755 cessitatem
1152 2693 1269 2755 sibi
1344 2693 1705 2778 impositam
1774 2693 2044 2757 videbat.
2159 2692 2493 2771 Quocirca,

724 2804 931 2867 multa
960 2824 1182 2867 secum
1209 2804 1343 2889 ipse
1373 2805 1654 2883 volvens,
1679 2805 1764 2869 ad
1791 2816 2174 2882 extremum,
2201 2826 2352 2869 cum
2383 2826 2497 2869 ex·

726 2918 923 2979 ercitu
964 2915 1279 3005 recedere,
1312 2917 1366 2979 si
1396 2918 1530 2979 fieri
1558 2918 1785 3002 potuit,
1813 2917 2106 2981 decrevit.
2201 2917 2494 2998 Navigia,

722 3027 941 3109 igitur,
972 3047 1167 3108 quam
1213 3027 1493 3111 plurima
1518 3030 1738 3091 statim
1783 3028 1934 3103 fieri,
1967 3026 2325 3106 omniaque,
2355 3046 2497 3107 quae

728 3138 811 3199 ad
856 3138 1206 3201 exercitum
1252 3138 1812 3224 transportandum
1855 3158 2015 3222 opus
2060 3148 2246 3215 esset,
2293 3137 2497 3221 parari

732 3250 939 3333 jussit.
1031 3251 1305 3314 Summo
1354 3251 1603 3315 silentio
1650 3250 1869 3314 omnia
1923 3250 2328 3332 gerebantur.
2401 3249 2500 3315 ·In

790 3447 807 3478 1
845 3442 1120 3503 Obsessa-es,
1156 3440 1281 3490 “the
1319 3440 1605 3506 besiegers?
1636 3440 1842 3541 vizjthe
1879 3438 2071 3489 French
2108 3438 2206 3489 and
2240 3437 2502 3503 American

730 3520 1100 3650 trospg'itoemtta,
1122 3590 1241 3641 “the
1259 3590 1503 3653 Charon,”
1522 3591 1580 3640 of
1599 3592 1850 3657 forty·sour
1868 3608 2011 3657 guns,
2032 3599 2108 3643 set
2129 3608 2193 3643 on
2223 3590 2308 3641 fire
2337 3591 2402 3650 by
2422 3586 2502 3633 the

734 3662 941 3727 artillery
958 3663 1015 3711 of
1024 3664 1105 3712 the
1122 3666 1377 3731 besiegers,
1398 3668 1523 3729 who,
1543 3668 1775 3731 likewise,
1794 3668 1914 3719 fired
1932 3677 2147 3720 mortus.

790 3746 817 3781 8
846 3740 1110 3801 Exercitus,
1130 3757 1161 3789 a
1179 3743 1386 3807 genitive
1406 3758 1534 3804 case,
1554 3743 1830 3809 depending
1846 3760 1910 3793 on
1929 3746 2067 3792 saluti
2084 3737 2280 3800 implica.

795 3825 818 3859 ⁴
848 3816 1058 3880 Recepta
1076 3818 1221 3881 celeri,
1242 3822 1273 3848 ‘⁴
1283 3820 1349 3884 by
1364 3836 1393 3869 a
1414 3818 1594 3885 speedy
1613 3822 1829 3868 retreat.”
