3300 4634
776 495 864 565 88
1295 513 1802 563 wasuruorouu
1846 513 2025 559 viu.

778 657 1098 743 nipulum,
1126 656 1207 719 ad
1236 658 1472 734 locum,
1497 663 1626 740 quo
1657 656 1792 721 dux
1820 657 1948 720 Lee
1980 655 2191 739 copias
2216 655 2559 740 perducere

778 788 1028 851 prorsus
1076 768 1406 845 abnuerat,
1457 772 1496 833 e
1548 769 1820 850 vestigio
1870 766 2153 830 deduxit.
2245 768 2382 830 Sub
2435 768 2558 831 hoc

784 891 1054 964 tempus,
1085 880 1559 962 Washingtonii
1590 880 1927 955 exercitus,
1960 878 2561 962 septentrionalium

783 991 1107 1074 copiarum
1149 991 1535 1070 accessione,
1581 988 2050 1073 aliquantulum
2096 988 2414 1053 adauctus
2458 992 2561 1053 fir·

779 1112 1137 1184 metusque.
1355 1110 1358 1115 ’

869 1213 1206 1277 Exercitus
1226 1213 1659 1277 Americanus
1680 1214 1820 1296 jam
1845 1233 1929 1276 ex
1949 1223 2192 1296 septem
2219 1212 2561 1281 hominum

780 1322 1068 1388 millibus
1116 1325 1472 1401 constabat,
1515 1324 1658 1400 etsi,
1694 1322 1849 1386 dum
1895 1344 2033 1387 sese
2076 1343 2185 1406 per
2233 1322 2560 1387 Coesareas

779 1435 1131 1519 reciperent
1159 1435 1547 1511 Americani,
1578 1435 1757 1497 istius
1787 1434 2036 1497 numeri
2066 1436 2193 1497 fere
2227 1453 2561 1516 nunquam

779 1545 1119 1611 dimidium
1167 1545 1525 1632 exaequavit
1564 1565 1790 1611 eorum
1834 1545 2168 1609 exercitus.
2260 1544 2560 1610 Flumine

781 1656 1118 1721 Delaware
1140 1658 1527 1742 interposito,
1549 1656 1680 1720 duo
1698 1657 2014 1720 exercitus
2033 1656 2558 1740 sejungebamur.

783 1768 1095 1845 Britones,
1128 1768 1313 1830 rebus
1360 1768 1658 1831 secundis
1703 1767 1875 1845 elati,
1926 1768 2137 1852 copias
2190 1788 2297 1853 per
2345 1770 2563 1833 omnia

783 1879 913 1941 fere
970 1876 1198 1963 oppida
1255 1889 1321 1943 et
1378 1880 1732 1963 municipia
1799 1881 2103 1943 Caesareae
2162 1879 2560 1957 distraxere3

783 1989 1011 2074 quippe
1040 1990 1151 2072 qui
1180 1990 1248 2054 in
1271 1991 1815 2072 Pennsylvaniam
1859 1989 2220 2075 propediem
2252 1992 2561 2075 trajicere,

782 2113 986 2187 ponte
1004 2102 1283 2186 glaciali,
1315 2103 1738 2169 confidebant.

871 2217 1166 2291 Quorum
1213 2215 1291 2282 de
1322 2216 1449 2280 situ
1476 2227 1543 2279 et
1580 2214 1996 2281 multitudine
2035 2214 2234 2282 simul
2271 2236 2352 2277 ac
2394 2234 2565 2278 nun-

784 2326 924 2393 cius
944 2337 1268 2409 acceptus,
1281 2326 1814 2409 Washingtonius
1833 2324 2067 2390 dixisse
2088 2328 2304 2403 fertur,
2330 2332 2562 2389 “nune

784 2437 921 2503 alas
950 2436 1346 2521 praecidendi,
1369 2437 1528 2502 dum
1560 2449 1695 2503 tam
1724 2437 1858 2503 late
1889 2436 2279 2514 dividuntur,
2311 2436 2562 2501 occasio

783 2562 1133 2633 opportuna
1164 2551 1345 2631 nobis
1373 2537 1650 2615 oblata?
1741 2550 2061 2624 Quocirca
2087 2549 2327 2612 flumen
2368 2547 2564 2612 Dela-

782 2679 953 2722 ware
982 2659 1195 2721 denuo
1224 2661 1530 2741 trajicere,
1561 2660 1904 2743 hostesque
1933 2660 2019 2723 ad
2040 2660 2248 2743 ripam
2277 2660 2563 2723 fluminis

786 2769 1055 2833 alteram
1096 2768 1359 2851 aggredi
1388 2770 1687 2835 decrevit.
1777 2772 2017 2835 Mensis
2047 2770 2413 2835 Decembris
2454 2769 2561 2832 die

784 2881 1094 2964 vigesimo
1146 2882 1386 2965 quinto,
1440 2884 1558 2947 sub
1609 2894 1884 2961 noctem,
1935 2884 2268 2968 tripartito,
2317 2882 2562 2945 flumen

784 2994 1158 3079 trajiciendi,
1205 2995 1539 3060 consilium
1590 2996 1757 3079 cepit
1806 2996 2231 3079 perfecitque:
2279 3003 2344 3057 et
2389 2994 2564 3057 omni

783 3109 1061 3173 exercitu
1108 3108 1219 3171 vix
1261 3108 1523 3172 tandem
1561 3108 1891 3190 oegerrime
1939 3108 2326 3183 transmisso,
2355 3107 2565 3189 bipar-

784 3218 902 3280 tito
954 3238 1190 3299 agmen
1240 3218 1526 3283 incedere
1579 3220 1790 3303 coepit,
1839 3230 1923 3296 et,
1970 3220 2265 3301 quamvis
2301 3217 2566 3281 diversis

783 3329 1103 3397 itineribus
1144 3330 1228 3396 ad
1257 3331 1469 3395 hostes
1514 3332 1995 3408 contenderant,
2023 3330 2269 3407 eodem,
2316 3340 2562 3405 tamen,

785 3440 1098 3522 temporis·
1131 3455 1389 3523 puncto,
1434 3464 1657 3508 omnes
1706 3445 1773 3505 in
1817 3443 2099 3507 hostiurn
2149 3452 2566 3526 conspectum

782 3556 1035 3619 venere.
1130 3552 1273 3615 Etsi
1315 3554 1454 3635 jam
1499 3555 1692 3637 plane
1733 3555 2150 3631 lucescebat,¹
2195 3554 2433 3628 hostes,
2463 3561 2562 3614 ta·

939 3792 959 3827 1
989 3785 1281 3848 Lucucebae,
1302 3781 1383 3835 “it
1402 3797 1508 3835 was
1539 3782 1756 3852 daylight
1770 3787 1818 3849 3’'
1851 3800 1915 3835 an
1933 3782 2222 3849 imper-sonti
2242 3783 2373 3836 verb.
