3300 4634
1205 621 1712 668 vusnmoronu
1761 620 1937 668 vlu.
2333 601 2461 670 215

674 785 853 828 meos
880 745 1111 849 primos
1134 765 1621 848 reprehensuros
1655 767 1920 832 minime
1947 765 2207 830 dubito:
2241 767 2460 849 siquis,

676 888 921 953 autem,
954 879 1105 941 vere
1154 876 1395 955 doctus,
1438 887 1503 940 et
1550 877 1629 941 de
1679 879 1874 942 literis
1925 879 2240 944 Romanis
2295 880 2459 953 bene

675 989 963 1066 meritus,
996 989 1225 1073 scripta
1270 1010 1419 1053 mea
1447 989 1714 1054 laudare
1743 990 2062 1074 dignetur,
2093 1011 2292 1074 operae
2322 1012 2460 1076 pre·-

676 1100 843 1163 tium
873 1121 976 1163 me
1008 1113 1280 1165 nactum
1312 1123 1449 1164 esse
1480 1104 1740 1186 putabo.

770 1212 1155 1275 Civitatum¹
1186 1212 1643 1298 foederatarum
1675 1213 2206 1276 Amol-iconarum
2247 1212 2460 1275 litera-

674 1334 891 1388 turam
944 1325 1011 1386 in
1068 1325 1280 1409 majus
1334 1345 1696 1410 promovere
1758 1325 2054 1388 conabar.
2145 1325 2188 1389 J
2191 1327 2460 1388 uvenes⁸

672 1447 985 1500 nostrates
1011 1438 1127 1500 viri
1170 1437 1442 1500 maximi
1470 1458 1668 1519 quem
1705 1448 1868 1500 terra
1905 1458 2198 1519 unquam
2227 1437 2460 1500 extulit

672 1548 877 1610 vitam
908 1549 1107 1612 latine
1138 1558 1479 1612 exaratam
1514 1549 1837 1632 perlegere
1867 1548 2060 1610 volui.
2159 1548 2352 1622 Quod
2381 1548 2455 1624 si,

673 1659 755 1722 de
806 1639 1121 1724 laboribus
1153 1661 1380 1723 nostris
1408 1662 1576 1722 bona
1607 1660 1872 1722 fecerint
1916 1659 2144 1723 eruditi
2189 1660 2456 1743 judicia,

672 1793 929 1836 summo
957 1794 1073 1836 nos
1102 1773 1337 1835 honore
1369 1773 1625 1835 affectos
1665 1771 2191 1835 existimabimus.

766 1883 1023 1962 Gratioe,
1070 1885 1346 1968 insuper,
1386 1885 1707 1961 maximae,
1736 1883 1795 1947 J.
1831 1883 1911 1946 N.
1946 1883 2292 1966 Reynolds‚
2324 1883 2459 1945 exi-

671 1997 817 2060 miae
844 1998 979 2081 spei
1004 1995 1412 2072 adolescenti,
1436 1997 1664 2060 merito
1691 2006 1756 2059 et
1778 1996 1920 2080 jure
1945 1995 2258 2058 debentur
2283 1995 2312 2072 ;’
2343 1995 2458 2078 qui

672 2110 921 2192 primus
950 2109 1037 2171 ad
1059 2108 1537 2191 Washingtonii
1563 2109 1765 2172 vitam
1795 2109 2030 2174 Latine
2061 2107 2458 2172 scribendam

670 2240 793 2280 nos
823 2219 1075 2302 impulit
1102 2240 1117 2282 z
1166 2241 1282 2285 nec
1313 2241 1431 2282 nos
1461 2219 1696 2282 hortari
1725 2218 1988 2295 destitit,
2019 2240 2226 2300 usque
2275 2218 2454 2295 dum,

670 2351 861 2414 opere
906 2331 1164 2394 tandem
1207 2333 1497 2417 perfecto,
1532 2342 1858 2394 auctorem
1903 2330 2278 2394 muneribus
2317 2350 2458 2392 am-

670 2443 969 2526 plissimis
1000 2456 1370 2527 prosecutus
1400 2446 1499 2508 sit.
1827 2443 1833 2450 ’

737 2639 753 2672 1
795 2633 1057 2693 civitatum,
1082 2636 1182 2693 &cn
1206 2633 1273 2681 “I
1306 2631 1605 2680 endeavored
1636 2638 1687 2680 to
1706 2630 1923 2678 advance
1943 2630 2024 2678 the
2042 2629 2282 2678 literature
2301 2628 2359 2678 os
2379 2629 2459 2678 the

670 2705 854 2755 United
884 2707 1046 2756 States
1067 2705 1125 2756 os
1146 2706 1390 2768 America,
1411 2709 1478 2771 by
1496 2705 1756 2771 imparting
1773 2713 1824 2756 to
1841 2705 1992 2771 youth
2020 2722 2051 2754 ο,
2069 2712 2192 2755 teste
2221 2705 2293 2754 for
2321 2703 2458 2754 read·

669 2782 760 2850 ing
778 2784 861 2832 the
880 2783 957 2833 lise
976 2783 1032 2833 of
1054 2800 1087 2831 a
1104 2790 1241 2848 great
1260 2800 1391 2845 man,
1413 2784 1603 2834 written
1622 2783 1676 2834 in
1695 2800 1726 2834 a
1743 2783 1926 2849 foreign
1945 2783 2231 2849 language.”

732 2870 757 2904 2
788 2860 1003 2921 Juvenes,
1024 2863 1123 2922 ᾦα,
1148 2860 1210 2908 “I
1232 2860 1418 2910 wished
1450 2861 1555 2911 that
1582 2861 1664 2910 the
1692 2861 1842 2926 youth
1871 2860 1928 2910 of
1949 2877 2036 2910 our
2063 2868 2266 2925 country
2285 2859 2459 2910 should

670 2937 784 2986 read
817 2953 847 2984 a
875 2935 972 2995 life,
994 2935 1179 2983 written
1211 2935 1261 2983 in
1282 2935 1445 2997 Latin,
1467 2937 1525 2984 of
1545 2937 1626 2985 the
1645 2943 1858 3000 greatest
1885 2951 2002 2984 man
2022 2935 2183 2984 which
2213 2936 2294 2984 the
2324 2935 2460 2985 earth

670 3030 787 3064 ever
818 3007 1105 3074 produced.”
1168 3011 1429 3072 matr-ates,
1450 3025 1617 3060 comes
1632 3011 1756 3061 stom
1787 3012 1870 3060 the
1882 3012 2054 3073 patr-inl
2073 3025 2127 3060 or
2148 3014 2320 3074 gentile
2350 3025 2457 3076 pro-

668 3104 809 3142 noun
829 3091 1023 3136 nostras.

1442 3433 1645 3486 FINIS.
