3300 4634
1153 488 1239 553 26
1678 504 2187 549 viminea-orm
2234 504 2414 549 viu.

1242 647 1379 713 Sub
1397 643 1591 733 patris
1615 648 1824 713 tutela
1843 648 2012 711 altus
2041 647 2473 730 eruditusque,
2493 655 2710 708 utrum
2738 642 2941 708 literis

1154 757 1394 824 Graecis
1436 769 1626 841 atque
1673 760 1984 824 Romanis
2030 760 2319 822 animum
2365 779 2558 821 suum
2584 757 2941 839 Washing-

1153 870 1366 934 tonius
1411 869 1727 955 appulerit
1756 892 1984 956 parum
2015 871 2461 955 comperimus,
2491 890 2759 953 eamque
2801 889 2940 931 rem

1152 981 1349 1065 igitur
1391 983 1462 1046 in
1513 982 1727 1046 medio
1772 962 2220 1066 relinquemus.
2317 982 2668 1065 Cognitum
2716 991 2939 1043 tamen

1152 1104 1675 1179 perspectumque
1695 1096 1989 1173 habetur,
2010 1096 2305 1177 linguam
2326 1095 2765 1178 Anglicanam
2787 1112 2938 1155 eum

1153 1206 1409 1290 penitus
1440 1207 1756 1283 calluisse,
1788 1217 1853 1269 et
1883 1209 1951 1270 in
1980 1207 2258 1270 scientiis
2301 1206 2791 1282 mathematicis,
2823 1205 2941 1268 ali-

1151 1317 1332 1400 isque
1390 1317 1457 1380 id
1519 1339 1747 1401 genus,
1806 1316 2172 1382 doctissime
2224 1317 2540 1381 exstitisse
2596 1317 2939 1381 eruditum.

1150 1429 1486 1515 Perplures
1532 1452 1757 1507 annos,
1789 1442 2123 1516 postquam
2152 1430 2194 1492 a
2226 1441 2599 1515 praeceptore
2635 1428 2944 1493 discesse-

1152 1552 1276 1618 rat,
1326 1541 1683 1606 doctrinam
1737 1544 1820 1605 ab
1868 1544 1977 1606 illo
2028 1553 2368 1626 acceptam
2415 1543 2699 1606 multum
2751 1553 2945 1625 atque

1153 1639 1382 1713 sedulo
1411 1653 1637 1728 auxit3
1682 1663 1749 1713 et
1792 1664 1967 1714 terrae
2012 1654 2320 1715 mensoris
2364 1673 2653 1728 munere,
2684 1655 2946 1715 summa

1159 1780 1312 1825 cum
1356 1760 1551 1822 laude
1582 1760 1940 1844 peritiaeque
1971 1761 2170 1836 fama,
2202 1761 2574 1843 perfunctus
2615 1771 2733 1822 est.
2821 1765 2952 1825 Pa-

1159 1883 1254 1935 tre
1277 1883 1544 1948 mortuo,
1568 1866 1724 1934 cura
1743 1870 2111 1956 patrimonii
2131 1871 2480 1934 Laurentio
2496 1871 2673 1934 fratri
2695 1872 2943 1951 tradita,

1161 1983 1290 2067 qui,
1307 1983 1671 2046 valetudine
1692 2004 1919 2068 parum
1938 1985 2125 2047 firma
2146 1983 2513 2066 aliquandiu
2532 2004 2707 2062 usus,
2721 1985 2943 2062 vitam,

1162 2095 1651 2180 ingravescente
1682 2097 1920 2173 morbo,
1948 2096 2295 2160 immatura
2323 2106 2522 2159 morte
2551 2097 2776 2161 finivit.

1251 2211 1402 2274 Post
1442 2210 1649 2273 fratris
1694 2209 1938 2273 obitum
1966 2208 2279 2293 stipendia
2322 2209 2567 2287 mereri,
2596 2207 2943 2274 admodum

1166 2320 1447 2407 juvenis,
1469 2322 1857 2405 vigesimum
1885 2340 2088 2407 agens
2118 2340 2383 2399 annum,
2404 2321 2771 2405 militiaeque
2801 2343 2944 2387 mu·

1159 2455 1317 2500 nera
1347 2436 1657 2525 sustinere
1689 2437 1972 2521 incepit3
2020 2447 2086 2499 et
2109 2435 2409 2499 virtutem
2440 2435 2765 2518 animique
2786 2435 2945 2498 vires

1158 2547 1530 2612 ostendendi
1563 2549 1966 2613 occasionem
1996 2547 2179 2612 haud
2205 2547 2398 2628 longo
2416 2546 2752 2610 intervallo
2776 2546 2946 2610 oblan

1162 2669 1303 2721 tam
1333 2658 1605 2740 impigre
1634 2668 1827 2740 atque
1856 2658 2276 2720 libentissime
2301 2658 2579 2743 arripuit.
2674 2654 2949 2722 Inimici-

1162 2768 1267 2830 tioe
1299 2767 1538 2831 Gallici
1566 2778 1630 2829 et
1660 2768 2014 2832 Britannici
2058 2768 2227 2851 regis
2255 2769 2323 2831 in
2345 2769 2512 2832 bella
2540 2781 2761 2854 aperta
2806 2781 2950 2833 tan·

1162 2889 1308 2954 tum
1327 2899 1456 2942 non
1479 2890 1836 2963 eruperant.
1929 2880 1993 2944 A
2015 2879 2240 2957 Gallis,
2264 2880 2586 2963 regionem
2609 2881 2951 2946 Canaden·

1162 3010 1300 3063 sem
1341 2991 1780 3069 incolentibus,
1828 2992 1897 3054 in
1945 3012 2132 3074 agros
2181 2991 2543 3056 colonorum
2588 2994 2949 3077 Anglorum

1164 3102 1561 3165 incursiones
1581 3103 1965 3165 creberrimoe
1981 3104 2341 3166 ferebantur
2362 3125 2500 3166 esse
2524 3106 2726 3168 factoe.
2822 3106 2952 3169 Im·

1166 3212 1365 3295 peria,
1384 3212 1713 3292 mandata,
1736 3223 1802 3276 et
1824 3216 2121 3300 rescripta
2141 3217 2222 3278 ab
2241 3217 2489 3299 Angli&
2508 3228 2775 3302 accepta
2799 3228 2953 3281 sunt

1171 3324 1218 3388 ὴ
1235 3327 1520 3406 praefecto
1540 3322 1925 3410 consilioque
1956 3327 2209 3412 publico
2224 3328 2545 3411 Virginioe,
2564 3330 2661 3392 uti
2688 3330 2953 3413 injurias

1173 3435 1371 3500 hasce
1398 3439 1461 3500 vi
1493 3450 1557 3501 et
1596 3440 1790 3502 ‘armis
1836 3439 2294 3524 propulsarent.
2388 3441 2787 3504 Gubernator
2815 3441 2953 3503 Vir-

1174 3548 1495 3633 giniensis,
1527 3550 1886 3615 Dinwiddie
1931 3551 2187 3614 nomine
2228 3551 2535 3634 gaudens,
2567 3575 2768 3637 quum
2812 3555 2950 3618 haec

1173 3659 1481 3726 mandata
1494 3663 1855 3745 accepisset,
1863 3664 2168 3748 juvenem
2180 3664 2744 3748 Washingtonium
2756 3687 2951 3749 quam

1177 3772 1496 3838 celerrime
1541 3771 1802 3853 dimisit,
1832 3787 1906 3840 ut
1951 3777 2126 3842 facta
2169 3777 2544 3863 exploraret,
2577 3799 2729 3845 cum
2777 3778 2951 3846 Indis
